1921 3312
263 162 266 169 .
329 138 330 141 ’
373 135 576 174 Aronocnrrcus.
838 119 873 171 35

79 270 141 322 ruit.
178 265 320 321 Miramini
329 263 469 317 hominem
481 269 528 317 aut
540 267 629 318 errare
641 266 759 336 potuisse
771 266 801 319 in
813 263 874 337 lege

80 350 229 419 condenda,
244 357 291 403 aut
306 349 449 419 resipuisse
463 349 494 400 in
507 351 692 419 reprobanda?
728 351 828 405 Nonne
847 359 875 404 et

80 439 163 509 ipsius
172 432 289 507 Lycurgi
297 435 371 505 leges
384 453 400 486 a
412 433 631 488 Lacedaemoniis
644 438 810 506 amandatae,
818 445 874 491 tan-

80 531 142 576 tum
162 521 265 574 auctori
287 537 334 574 suo
356 518 454 572 doloris
476 520 651 588 incusserunt,
669 528 701 573 ut
721 523 751 573 iu
771 541 876 576 secessu

82 607 174 661 inedia
184 606 218 668 de
227 604 370 676 semetipso
379 605 522 658 iudicarit?
553 604 652 658 Nonne
662 608 876 677 etvosquotidie
900 618 915 666 5

81 693 271 764 experimentis
286 691 503 744 illuminantibus
517 692 642 744 tenebras
658 693 825 762 antiquitatis
839 699 878 746 to-

82 787 139 832 tam
149 779 226 831 illam
240 775 357 853 veterem
369 784 396 830 et
408 776 577 847 squalentem
590 778 686 831 silvam
697 779 790 850 legum
802 778 878 832 novis

82 860 273 937 principalium
297 864 487 933 rescriptorum
514 871 541 916 et
566 864 716 917 edictorum
740 865 877 918 securibus

82 951 212 1010 truncatis
231 957 258 1003 et
277 949 404 1002 caeditis?
441 948 541 1003 Nonne
556 951 713 1003 vanissimas
727 949 828 1021 Papias
841 950 878 1002 le-

83 1048 138 1107 ges,
153 1053 223 1106 quae
243 1043 305 1088 ante
323 1036 422 1088 liberos
444 1036 544 1106 suscipi
564 1043 673 1107 cogunt,
689 1054 773 1106 quarn
791 1036 921 1093 luliaelo,

83 1121 287 1174 matrimonium
307 1120 437 1189 contrahi,
452 1127 512 1191 post
529 1127 620 1174 tautae
639 1122 805 1174 auctoritatis
823 1139 879 1174 sen-

84 1214 202 1260 ectutem
216 1207 276 1259 heri
291 1205 406 1270 Severus
422 1207 651 1260 constantissimus
666 1207 820 1277 principum
836 1225 879 1260 ex-

85 1294 183 1347 clusiti
224 1292 279 1347 Sed
300 1301 327 1347 et
348 1294 481 1347 iudicatos
502 1300 573 1347 retro
594 1294 624 1345 in
645 1301 734 1363 partes
758 1295 842 1347 secari
863 1312 879 1346 a

85 1381 262 1435 creditoribus
287 1379 360 1451 leges
385 1387 478 1447 erant3
501 1397 631 1433 consensu
645 1387 747 1444 tamen
770 1380 880 1451 publico

86 1468 229 1521 crudelitas
241 1473 333 1538 postea
346 1484 420 1520 erasa
433 1472 471 1518 est
484 1472 511 1519 et
520 1467 549 1518 in
561 1464 671 1536 pudoris
680 1473 773 1535 notam
786 1467 923 1536 capitis15}

54 1573 58 1580 ’
85 1571 172 1623 poena
192 1570 332 1620 conversa;
352 1552 484 1605 bonorum
504 1551 626 1605 adhibita
645 1543 810 1622 proscriptio
826 1550 881 1604 suf-

85 1637 202 1692 fundere
217 1638 313 1691 maluit
326 1637 443 1691 hominis
458 1638 625 1708 sanguinem,
636 1655 719 1707 quam
733 1637 880 1691 effundere.
901 1630 903 1634 ὗ

87 1723 161 1787 Quot
175 1725 264 1777 adhuc
277 1712 353 1778 uobis
367 1724 553 1795 repurgandae
566 1724 639 1795 leges
653 1724 746 1792 latent,
756 1741 822 1794 quas
835 1742 881 1777 ne-

87 1808 144 1880 que*
162 1828 294 1863 annorum
312 1827 448 1877 numerus,
463 1820 551 1879 neque
574 1809 744 1862 conditorum
764 1803 882 1880 dignitas

88 1896 267 1964 commendat,
283 1897 330 1950 sed
346 1896 466 1966 aequitas
481 1895 555 1948 solat
575 1902 603 1948 et
616 1895 679 1949 ideo
695 1914 758 1947 cuin
772 1896 882 1965 iniquae
889 1899 924 1950 20

87 1989 325 2056 recognoscuntur,
344 1982 441 2034 merito
466 1982 638 2050 damnantur,
656 1981 721 2034 licet
745 1982 882 2034 damnent.

89 2067 232 2129 Quomodo
249 2069 356 2138 iniquas
373 2067 505 2120 dicimus?
523 2068 587 2135 imo,
600 2068 623 2120 si
640 2085 740 2120 nomen
758 2068 883 2138 puniunt,

89 2154 177 2206 etiam
194 2154 295 2206 stultas
334 2153 364 2205 Si
382 2171 446 2206 vero
464 2151 546 2219 facta,
562 2171 610 2205 cur
626 2154 656 2204 iu
677 2154 753 2206 nobis
772 2153 806 2205 de
828 2154 883 2207 solo

89 2239 198 2300 nomine
212 2239 330 2308 puniunt
344 2237 427 2305 facta,
438 2255 507 2307 quae
521 2239 551 2289 in
567 2238 626 2290 aliis
642 2238 676 2290 dc
692 2238 815 2305 admisso,
828 2256 883 2290 non
938 2259 940 2261 ·

90 2323 124 2376 de
142 2324 252 2376 nomine
270 2320 383 2397 probata
398 2322 574 2387 defendunt?
611 2318 734 2375 Incestus
752 2341 820 2390 sum,
836 2319 924 2379 curib

89 2420 145 2463 non
158 2406 315 2478 requirunt?
334 2406 505 2475 infanticida,
521 2426 569 2461 cur
585 2426 640 2461 nou
657 2410 834 2478 extorquenti
854 2411 884 2461 iu

91 2495 161 2563 deos,
173 2495 204 2547 in
222 2510 339 2547 caesares
358 2493 463 2563 aliquid
481 2494 631 2562 committo,
647 2492 695 2547 cur
709 2512 765 2548 non
782 2495 885 2564 audior,

91 2582 138 2651 qui
158 2580 253 2649 habeo,
271 2597 324 2650 quo
348 2582 468 2651 purgari
507 2578 593 2633 Nulla
616 2580 662 2634 lex
682 2574 885 2650 vetat‘discuti,

91 2667 164 2736 quod
176 2666 301 2739 prohibet
315 2666 438 2734 admitti3
457 2666 522 2736 quia
533 2684 621 2736 neque
633 2666 716 2720 iudex
727 2661 797 2720 iuste
809 2669 886 2721 ulcis-

1 2754 3 2760 ’
58 2782 60 2784 -
92 2754 169 2821 citur,
181 2753 234 2806 nisi
249 2750 393 2824 cognoscat
411 2752 559 2805 admissum
576 2770 633 2805 osse
650 2753 724 2823 quod
738 2771 794 2806 non
808 2753 925 2822 licet330

89 2836 180 2908 neque
191 2833 264 2891 'civis
278 2838 395 2891 fideliter
409 2837 465 2908 legi
479 2838 645 2908 obsequitur,
658 2839 791 2909 ignorans,
805 2840 884 2907 quale

11 2948 12 2956 κ
92 2923 134 2990 sit,
144 2924 217 2993 quod
230 2924 375 2977 ulciscitur.
411 2922 500 2987 Nulla
509 2923 555 2976 lex
567 2923 619 2977 sibi
631 2924 681 2977 soli
694 2923 884 2977 conscientiam
