1921 3312
367 147 569 185 Arouoenrrcus.
833 131 866 181 65

109 275 191 329 ΧΧΙ.
208 275 263 329 Sed
285 276 416 346 ¹qncniam
443 275 584 344 edidimus
606 276 799 346 antiquissimis
821 273 867 341 Iu-

74 362 203 416 daeorum
221 361 407 414 instrumentis
425 367 527 414 sectam
546 362 626 414 istam
644 380 700 415 esse
719 361 867 431 suffultam,

74 468 157 519 quam
169 450 308 519 aliquanto
320 448 465 515 novellam,
474 454 505 499 ut
514 446 652 501 Tiberiani
665 451 803 520 temporis,
812 451 868 522 ple·
932 447 934 449 ’

75 537 152 605 rique
161 536 260 603 sciunt,
270 533 458 605 profitentibus
472 533 550 585 nobis
566 551 688 604 qucque3
707 533 868 589 fortassean

75 620 126 672 hoc
134 621 244 673 nomine
252 620 286 673 de
295 627 366 673 statu
376 620 433 672 eins
442 624 610 686 retractetur,
619 621 695 689 quasi
705 622 754 673 sub
763 623 868 674 umbra·
893 625 908 676 5

75 705 136 757 culo
145 705 341 776 insignissimae
350 705 497 775 religionis
508 711 579 757 certe
588 705 687 774 licitae,
698 706 801 776 aliquid
810 724 869 777 pro-

75 791 153 861 priae,
159 791 383 862 praesumptionis
396 790 550 858 abscondat,
560 791 603 843 rel
614 792 678 861 quia
686 800 793 863 praeter
801 799 870 845 aeta-

75 886 132 929 tem
146 879 234 946 neque
243 878 281 930 ,de
293 878 380 930 victus
395 876 605 948 exceptionibus
616 896 704 948 neque
717 879 751 931 de
766 878 869 931 sollem-

76 964 205 1017 nitatibus
220 964 334 1031 dierum,
346 981 435 1033 neque
454 965 565 1035 deipso
585 963 724 1036 signaculo
743 966 869 1035 corporis,

76 1068 164 1119 neque
185 1051 220 1102 de
241 1051 374 1102 consortio
388 1051 515 1103 nominis
541 1068 603 1102 cum
623 1049 732 1102 Iudaeis
757 1048 870 1121 agimus,
878 1054 912 1104 10

78 1136 151 1203 qued
164 1136 260 1203 utique
275 1141 416 1206 oporteret,
429 1135 452 1187 si
467 1135 557 1187 eidem
572 1135 622 1187 deo
637 1135 871 1205 manciparemurl

79 1219 133 1273 Sed
144 1227 171 1272 et
180 1220 277 1290 vulgus
286 1220 342 1271 iam
354 1219 705 1288 scithhristum,hominem
718 1220 812 1290 utique
825 1221 872 1273 ali-

79 1324 168 1375 quem,
182 1305 290 1375 qualem
303 1304 400 1358 Iudaei
415 1305 609 1374 iudicauerunt,
625 1323 677 1374 quc
690 1304 797 1358 facilius
812 1307 871 1375 quis

78 1409 127 1444 nos
136 1392 252 1445 hominis
262 1390 587 1444 cultores.existimaverit,
624 1390 731 1444 Verum
739 1409 828 1461 neque
839 1391 872 1444 de

80 1477 186 1530 Christo
199 1466 388 1545 erubescimus,
398 1495 483 1548 qutun
496 1479 545 1531 sub
558 1474 667 1531 1161111116
681 1470 873 1548 eirrsdeputari
881 1477 914 1529 15

80 1570 107 1616 et
122 1563 245 1616 damnari
259 1563 342 1631 iurat,
354 1581 442 1633 neque
458 1564 492 1616 de
507 1563 557 1616 deo
577 1563 655 1616 aliter
668 1564 872 1633 praesumimus.

79 1648 196 1702 Necesse
211 1655 251 1701 est
266 1649 351 1719 igitur
366 1666 453 1718 pauca
467 1649 588 1701 dicamus
601 1648 635 1701 de
649 1647 755 1702 Christo
769 1656 800 1701 ut
815 1649 872 1702 deo.

80 1732 198 1803 Tantum
211 1733 319 1787 Indaeis
335 1741 392 1786 erat
404 1734 478 1804 apud
490 1734 572 1786 deum
583 1734 679 1805 gratia,
689 1735 744 1786 ubi-
752 1740 780 1787 et
793 1735 873 1804 insig-

80 1821 122 1873 nis
137 1821 240 1873 iustitia
258 1819 366 1872 etfides
385 1820 558 1891 originalium
573 1825 721 1887 auctorum,
733 1819 806 1872 unde
820 1820 874 1873 illis

81 1913 108 1959 et
126 1906 232 1977 generis
250 1906 409 1977 magnitudo
428 1912 455 1957 61
473 1906 550 1977 regni
569 1904 720 1957 sublimitas
738 1904 830 1958 floruit
848 1908 919 1959 6120

81 1998 156 2045 tanta
168 1991 293 2060 felicitas,
303 1998 334 2044 111
347 1992 390 2044 dei
404 1992 524 2060 vocibus,
535 1992 632 2061 quibus
644 1991 834 2059 edocebantur,
842 1991 876 2044 de

81 2078 259 2147 promerendo
273 2078 331 2145 de0,
342 2085 369 2130 et
381 2096 436 2131 non
449 2076 619 2144 offendendo,
628 2083 874 2146 praemonerentur.

83 2162 541 2233 861161661661611611611111111111616
553 2162 661 2234 patrum
673 2162 760 2215 infiati
776 2164 823 2231 [ad
833 2163 877 2216 de-

81 2239 242 2315 lirandum,
252 2249 413 2302 derivantesv
423 2267 439 2301 a
454 2249 596 2318 disciplina
611 2249 642 2299 in
650 2246 803 2317 profanum
814 2266 876 2300 ,mo-

83 2334 157 2401 dum,
170 2334 219 2386 etsi
233 2334 286 2403 ipsi
300 2351 355 2386 non
374 2332 571 2399 confiterentur,
584 2328 715 2403 probaret
728 2327 875 2386 6111116116-
885 2337 920 2389 25

83 2419 325 2489 (1161111161666111111,
357 2417 490 2488 Dispersi,
496 2418 654 2487 palabundi,
664 2425 692 2470 et
705 2415 774 2471 cccli
786 2425 814 2471 61
826 2420 876 2472 soli

53 2491 55 2494 ’
82 2504 125 2557 sui
136 2506 413 2574 ‘extorres-vagantur
430 2503 480 2571 per
501 2504 594 2555 orbem
612 2503 670 2555 sine
688 2503 807 2573 homine,
819 2505 877 2558 sine

83 2591 138 2644 deo
147 2607 218 2662 rege,
228 2589 325 2659 quibus
336 2606 386 2641 nec
399 2588 564 2640 advenarum
575 2589 634 2641 iure
644 2591 748 2650 terram
761 2591 878 2661 patriam

83 2678 179 2730 saltem
190 2676 305 2747 'vestigio
324 2674 439 2727 salutare
454 2674 618 2727 conceditur.
658 2674 729 2730 [lum
743 2676 810 2730 haec
824 2677 878 2729 illis

84 2764 287 2816 sanctaeuoces'
307 2761 549 2831 praeminarentur,
563 2761 674 2814 eaedem
692 2760 751 2815 iere
773 2761 878 2836 semper
888 2768 921 2817 30

84 2850 182 2919 omnes
191 2847 351 2919 ingerebant
362 2844 429 2913 fore,
440 2844 483 2896 uti
497 2846 546 2898 sub
562 2846 676 2899 extimis
685 2847 825 2900 curriculis
838 2845 877 2900 'se-

85 2933 141 2985 culi
153 2951 187 2997 611
199 2933 274 2987 ouini
282 2933 345 2986 iam'
349 2938 430 3004 gente
442 2938 469 2984 et
480 2931 580 3004 populo
593 2938 620 2985 et
628 2932 688 2986 loco
702 2933 876 3005 cataassim
