1921 3312
347 144 384 179 nu
402 142 581 181 61161161116.
810 126 862 179 131

69 270 147 342 ripo.'
174 262 285 340 Consus,
297 277 328 324 ut
343 270 467 341 diximus,
482 273 554 344 apud
568 279 653 328 metas
668 274 803 328 subterra
819 272 864 325 de-

69 357 174 411 litescit.
216 356 331 411 Murtias
358 352 474 429 quoque'
489 359 594 412 idolum
619 358 704 428 iecit,
729 358 864 413 Murtiam

70 445 143 513 eninr
162 445 242 499 deam
261 445 359 499 amoris
377 445 478 514 volunt,
492 446 536 499 cui
555 447 584 498 in
603 446 652 499 illa
670 453 746 519 parte
767 448 863 513 aedem

71 548 173 583 vovere.
210 530 412 591 Animadverte¹
423 530 581 600 Christiane,
599 539 664 603 quot
684 536 796 589 nomina
814 520 864 588 imss

70 615 173 668 munda
190 618 356 686 possederint
372 619 480 671 circum.
519 618 620 670 Aliena
640 626 681 672 est
695 622 746 674 tibi
760 623 863 693 religio,
890 628 905 678 5

70 721 153 774 quam
166 708 207 755 tot
222 703 322 757 diaboli
338 705 446 775 spiritus
464 714 670 775 occupaverunt,
681 707 715 760 de
726 708 793 761 locis
808 710 865 779 qui-

70 789 134 842 dem
142 788 217 842 locus
230 796 269 842 est
282 791 445 843 retractandi
462 791 497 843 ad
508 793 737 862 praeveniendam
750 812 865 865 quorun-

70 876 393 948 dam‘interrogationem.
433 876 506 940 Quid
522 880 603 948 enim,
618 880 716 951 inquis,
729 881 751 934 si
766 881 820 934 alio
834 881 863 932 in
905 903 910 917 ¹

70 969 190 1033 tempore
199 963 407 1032 circumadiero,
417 949 591 1034 periclitabor
599 967 633 1019 de
641 964 863 1036 inquinamento?

69 1048 155 1101 Nulla
174 1055 213 1102 est
230 1051 403 1120 praescriptio
419 1050 453 1102 de
470 1051 543 1104 locis.
579 1051 655 1104 Nam
670 1070 725 1104 11611
744 1053 906 1108 6616161610

71 1134 250 1187 conciliabula
276 1136 497 1206 spectaculorum,
514 1137 562 1189 sed
582 1138 664 1189 etiam
685 1137 788 1208 templa
808 1138 867 1209 ipsa

71 1220 128 1273 sine
146 1222 266 1291 periculo
282 1223 440 1294 disciplinae
460 1223 534 1275 adire
550 1240 639 1277 servus
657 1224 702 1276 dei
719 1230 867 1294 potestur-

70 1313 151 1378 gente
171 1326 263 1362 caussa
282 1308 399 1380 simplici
415 1309 553 1378 duntaxat,
570 1327 639 1379 quae
659 1327 713 1362 non
733 1311 866 1380 pertineat

72 1394 107 1447 ad
119 1396 258 1468 proprium
273 1398 331 1450 eius
345 1397 399 1450 loci
413 1398 554 1469 negotium
567 1396 611 1448 vel
626 1396 751 1449 officium.
791 1396 867 1450 Cete-

71 1499 132 1534 rum
148 1490 175 1535 et
189 1483 295 1554 plateae
312 1489 339 1536 et
351 1482 444 1536 forum
460 1489 488 1535 et
499 1482 615 1536 balneae
627 1483 773 1536 et‘stabula
788 1489 815 1535 et
828 1484 907 1552 ip-15

72 1586 116 1621 sae
131 1568 228 1622 domus
241 1575 347 1622 nostrae
363 1569 420 1621 sine
435 1568 515 1621 idolis
532 1569 643 1621 omuino
658 1586 714 1621 non
734 1575 811 1636 sunt,
829 1576 868 1622 to-

71 1661 130 1707 tum
140 1655 259 1708 seculum
269 1661 374 1708 satanas
384 1661 412 1708 61
422 1654 511 1724 angeli
522 1655 578 1706 eius
589 1654 767 1724 repleverunt.
801 1654 866 1708 Non

72 1741 292 1811 tamen'quodin
307 1740 396 1794 seculo
412 1741 512 1808 sumus,
522 1757 538 1791 a
550 1740 601 1793 deo
618 1740 774 1807 excidimus,
784 1741 866 1793 scdsi

73 1828 139 1897 quid
158 1828 192 1881 de
210 1828 293 1881 seculi
313 1827 470 1881 criminibus
493 1827 667 1897 attigerimus.
706 1825 825 1880 Proinde
844 1827 867 1879 si

74 1912 245 1984 Capitolium,
262 1914 284 1966 si
301 1912 449 1984 Serapeum
469 1911 631 1966 sacrificator
646 1919 673 1965 et
690 1913 814 1965 adorator
828 1913 909 1968 in-ao

73 2003 186 2069 trarerc,
199 2018 215 2052 a
229 2000 280 2053 deo
299 2000 438 2053 excidam:
459 1997 689 2069 quemadmodum
706 1999 810 2051 circum
823 1998 868 2051 rel

72 2085 209 2139 theatrum
223 2092 363 2157 spectator.
401 2085 473 2139 Loca
488 2103 537 2138 nos
551 2102 607 2137 non
623 2084 808 2137 contaminant
820 2102 868 2154 per

51 2196 52 2200 ¹
73 2189 108 2239 sc,
121 2172 168 2225 sed
180 2188 249 2241 quae
264 2172 294 2223 in
305 2171 371 2224 locis
383 2171 460 2240 fiunt,
474 2190 490 2223 a
504 2171 601 2240 quibus
618 2170 717 2239 etipsa
731 2169 791 2221 loca
807 2187 868 2222 6611-

73 2256 200 2308 taminari
213 2256 337 2308 ‘altercati
355 2273 461 2309 sumus:
482 2256 516 2309 dc
532 2254 723 2308 contaminatis
740 2254 868 2306 contami-

72 2341 177 2394 namur.
213 2340 361 2412 Propterea
386 2348 477 2395 autem
503 2356 752 2407 commemoramus
769 2340 932 2409 quibus25.

73 2426 206 2480 eiusmodi
215 2426 275 2480 loca
284 2427 416 2495 dicentur,
425 2434 457 2480 ut
469 2445 563 2480 eorum
574 2427 789 2480 demonstremus
803 2444 867 2495 6666,

74 2531 143 2585 qrrae
154 2514 184 2566 in
195 2513 237 2567 his
249 2511 315 2566 locis
327 2512 404 2581 fiunt,
414 2513 511 2583 quibus
523 2514 580 2585 ipsa
593 2513 653 2568 loca
667 2510 800 2568 dicantur.

110 2599 162 2653 IX.
175 2599 257 2653 Nunc
276 2599 310 2653 de
331 2598 445 2652 artificio
465 2617 518 2670 quo
537 2599 676 2654 Circenses
699 2599 867 2654 exhibentur.

74 2684 129 2739 Res
142 2685 270 2757 equestris
282 2691 353 2739 retro
366 2685 480 2757 simplex
489 2687 524 2740 de
537 2686 615 2740 dorso
628 2687 767 2759 agebatur,
779 2694 806 2740 et
818 2687 869 2739 uti-

76 2789 128 2841 que
143 2773 293 2826 communis
307 2789 370 2826 usus
385 2772 445 2826 16116
460 2791 515 2826 non
530 2779 601 2826 erat·
632 2772 766 2827 Sedcum
781 2773 816 2826 ad
829 2773 868 2825 lu·
877 2775 910 2825 30

76 2857 123 2911 dos
138 2865 245 2912 coactus
263 2858 461 2926 estransfit'a
476 2860 521 2912 dei
535 2857 648 2912 munere
663 2859 699 2912 ad
714 2855 866 2912 daemonio·
911 2876 913 2879 ’

75 2960 136 2995 rum
163 2943 258 2996 officia.
296 2943 392 3014 Itaque
412 2943 515 2997 Castori
542 2952 570 2997 et
588 2943 695 2997 Polluci
721 2943 866 3013 deputatur
