1921 3312
98 113 133 163 36
273 129 316 171 ov.
330 128 399 163 sarr.
414 127 489 163 naon.
503 123 710 163 rnnrummnus.

98 254 215 309 iustitiae
230 271 294 307 suae
308 254 397 323 debet,
410 255 458 308 sed
472 249 517 323 eis,
531 273 548 307 a
562 255 659 325 quibus
674 251 833 323 obsequium
847 268 890 302 ex-

98 346 207 410 spectat.
245 338 375 393 Oeterum
392 348 514 411 suspecta
528 340 574 393 lex
591 347 642 408 est,
655 357 724 409 qnae
739 336 848 409 probari
862 353 890 389 sc

97 444 153 479 non
164 425 231 494 vult,
240 426 365 497 improba
377 433 476 494 autem,
489 427 511 479 si
523 443 578 478 non
590 426 703 497 probata
715 425 879 496 dom-inetur,

133 511 169 565 V.
183 511 224 565 Ut
236 512 270 564 de
285 512 389 583 origine
405 511 509 581 aliquid
523 517 697 563 retractemus
712 508 843 562 eiusmodi
855 507 891 559 le-

73 598 173 669 5gurn,
182 605 259 651 vetus
272 605 329 651 erat
342 598 488 665 decretum,
498 615 533 649 ne
546 598 593 665 qui
606 596 671 648 deus
684 596 717 648 ab
729 596 891 664 imperatore

100 691 305 752 consecraretur,
313 684 366 736 nisi
378 702 394 736 a
406 691 502 736 senatu
513 682 647 752 probatus.
685 679 743 733 Scit
752 678 892 734 M.Aemi-

98 768 151 820 lius
168 770 202 821 de
219 770 269 821 deo
288 787 335 821 suo
350 768 482 820 Alburno.
519 765 598 818 Facit
612 772 639 817 et
653 764 704 817 hoc
721 764 756 816 ad
772 781 892 816 caussam

99 860 225 921 nostram,
235 854 308 922 quod
323 854 396 923 apud
409 870 458 905 vos
471 852 505 904 de
519 846 637 923 humano
652 850 784 902 arbitratu
796 849 892 900 divini-

98 945 139 991 tas
150 939 306 1009 peusitatur.
342 937 404 991 Nisi
416 937 520 991 homini
533 936 599 988 deus
610 934 748 1005 placuerit,
759 933 825 985 deus
834 951 892 990 ,non

2 1070 3 1073 ,
56 1028 90 1078 10
100 1025 164 1092 erit;
182 1025 263 1078 horno
275 1026 332 1077 iam
344 1024 394 1078 deo
406 1023 536 1094 propitius
551 1038 606 1073 esse
619 1020 735 1073 debebit.
769 1018 892 1072 Tiberius

70 1138 72 1141 ·
100 1128 172 1181 erge,
188 1111 263 1173 cuius
277 1117 397 1181 tempore
412 1128 511 1163 nomen
529 1108 712 1161 Christianum
726 1108 756 1159 in
771 1105 892 1159 seculum

99 1197 228 1263 introivit,
241 1184 431 1268 annuntiatum
445 1197 496 1250 sibi
511 1214 545 1249 ex
553 1194 637 1267 Syria
648 1193 810 1261 Palaestina,
820 1192 893 1262 quod

85 1297 87 1301 ·
99 1281 157 1333 illic
171 1282 312 1335 veritatem
320 1282 393 1334 illius
406 1282 553 1334 divinitatis
565 1281 738 1348 revelaverat,
748 1279 846 1336 detulit
858 1278 894 1330 ad

100 1374 223 1420 senatum
245 1385 308 1419 cum
328 1368 513 1438 praerogativa
537 1366 659 1438 suffragii
681 1367 728 1419 sui.
770 1363 892 1432 Senatus

57 1457 91 1508 15
101 1452 165 1522 quia
184 1471 239 1506 non
259 1453 316 1524 ipse
334 1455 501 1523 probaverat,
517 1454 633 1523 respuit3
670 1452 769 1506 Caesar
788 1453 818 1504 in
837 1469 893 1504 sen·
946 1461 948 1464 '

99 1538 185 1591 tentia
203 1540 310 1607 mansit,
325 1539 505 1591 comminatus
523 1539 675 1608 periculum
696 1538 893 1591 accusatoribus
922 1563 927 1575 ·

100 1622 321 1676 Christianorum.
360 1623 497 1677 Consulite
510 1625 715 1678 commentarios
729 1631 830 1678 vestros
838 1642 845 1692 3
863 1623 894 1675 il-

99 1709 136 1761 lic
150 1709 287 1780 reperietis
302 1709 421 1780 primum
432 1708 572 1762 Neronem
586 1711 616 1762 in
630 1710 700 1764 hanc
716 1717 817 1763 sectam
832 1727 895 1762 cum

99 1796 218 1847 maxime
226 1794 332 1847 Romae
345 1796 476 1847 orientem
486 1794 646 1849 Caesariano
659 1797 750 1867 gladio
760 1795 893 1849 ferocisse.

58 1888 92 1937 20
103 1879 158 1932 Sed
174 1880 223 1932 tali
240 1880 394 1933 dedicatore
413 1880 593 1933 damnationis
612 1889 718 1934 nostrae
736 1882 819 1934 etiam
839 1881 895 1952 glo-

102 1966 211 2018 riamur.
250 1964 305 2027 Qui
320 1966 393 2018 enim
408 1966 458 2018 scit
472 1966 560 2034 illum,
570 1967 722 2037 intelligere
736 1974 831 2037 potest,
840 1984 893 2019 non

22 2115 24 2117 Ι
103 2051 156 2103 nisi
176 2050 279 2122 grande
304 2051 414 2119 aliquod
433 2052 535 2104 bonum
559 2070 576 2103 a
596 2052 706 2105 Nerone
730 2053 894 2105 damnatum.

105 2135 266 2189 Tentaverat
283 2143 310 2189 et
324 2135 505 2205 Domitianus,
518 2138 606 2207 portio
619 2137 736 2191 Neronis
753 2138 787 2191 de
804 2137 896 2190 crude-

40 2272 51 2297 ,
71 2228 72 2234 ’
103 2223 180 2281 litate
188 2241 195 2290 3
214 2221 261 2275 sed
274 2240 328 2291 qua
343 2228 370 2274 et
381 2222 471 2290 homo,
480 2221 563 2275 facile
579 2230 703 2293 coeptum
717 2224 848 2294 repressit,
857 2209 896 2275 re-

37 2304 38 2307 '
60 2312 94 2363 25
105 2310 204 2362 stitutis
219 2308 302 2361 etiam
315 2326 381 2378 quos
396 2308 570 2380 relegaverat.
607 2309 687 2363 Tales
701 2328 806 2380 semper
819 2309 897 2363 nobis

105 2395 276 2461 insecutores,
290 2394 392 2462 iniusti,
406 2395 493 2464 impii,
509 2400 608 2464 turpes,
621 2413 687 2464 quos
708 2402 735 2448 et
752 2396 805 2465 ipsi
824 2395 897 2447 dam-

106 2496 172 2530 nare
185 2480 337 2545 consuestis,
347 2485 374 2531 et
387 2480 509 2548 aquibus
523 2480 663 2532 damnatos
675 2480 815 2532 restituere
827 2479 898 2532 soliti

107 2563 177 2616 estis.
218 2562 346 2616 Ceterum
366 2564 399 2616 de
419 2570 459 2616 tot
479 2564 576 2617 exinde
593 2564 759 2634 principibus
781 2566 896 2637 [usque]

108 2649 143 2701 ad
162 2648 324 2707 hodiernum
348 2648 471 2700 divinum
494 2635 704 2717 humanumque
725 2648 912 2718 sapientibus,¹

64 2741 97 2790 30
109 2735 182 2788 edite
198 2734 317 2803 aliquem
332 2733 525 2787 debellatorem
539 2732 760 2787 Christianorum.
797 2734 838 2787 At
851 2752 900 2787 nos

108 2840 124 2875 e
139 2821 273 2874 contrario
290 2819 395 2872 edimus
409 2825 595 2889 protectorem,
610 2820 633 2871 si
646 2819 753 2873 litterae
767 2817 900 2894 11111111-

107 2908 139 2968 ]r'i
157 2905 310 2979 gravissimi
327 2905 495 2975 imperatoris
516 2905 695 2973 requirantur,
710 2905 807 2980 quibjus
825 2905 900 2981 illam
