1921 3312
87 142 122 191 54
262 155 305 196 ou,
319 153 388 188 sarr.
401 152 477 187 mon.
491 149 698 186 rnnrummnus.

85 289 195 354 propter
213 281 342 334 Troianos
361 285 388 331 et
406 279 527 332 Achivos
547 284 579 331 ut
600 276 781 349 gladiatorum
801 274 877 346 paria

86 385 238 439 congressos
265 366 447 437 depugnass03
472 365 611 418 Venerem
635 363 754 416 humana
781 361 878 432 sagitta

85 455 240 521 sauciatam,
251 452 323 522 quod
335 451 424 503 filium
436 469 514 504 suum
526 450 640 503 Aenean
654 467 739 521 paene
754 446 878 500 interfec-

84 548 145 594 tum
159 543 193 594 ab
210 539 306 593 eodem
322 536 458 590 Diomede
472 554 566 607 rapere
581 534 662 588 vellet
670 553 677 603 3
696 534 814 587 Martem
828 540 878 585 tre-

62 629 177 685 5decim
191 627 328 680 mensibus
342 625 371 676 in
385 623 499 676 vinculis
514 624 600 692 paene
615 627 818 691 consumptum3
837 618 879 671 Ιο-

86 732 156 782 vem,
166 733 201 767 ne
214 713 329 767 eandem
342 710 398 761 vim
412 728 428 761 a
444 709 537 761 ceteris
553 706 692 759 coelitibus
707 706 879 775 experiretur,

87 818 168 869 opera
186 800 327 852 cuiusdam
343 795 455 848 monstri
471 794 624 858 liberatum,
639 798 666 843 et
682 808 755 842 nunc
769 790 880 845 flentem

87 884 248 955 Sarpedonis
264 901 363 950 casum,
377 898 450 933 nime
461 878 553 931 foede.
562 877 704 930 subantem
718 876 747 926 in
762 892 879 927 sororem

86 971 135 1023 sub
151 969 405 1024 commemoratione
421 985 477 1020 non
491 966 530 1017 ita
544 963 704 1016 deliciarum
717 961 880 1031 iampridem

44 1065 79 1115 10
87 1057 243 1109 amicarum.
280 1054 386 1107 Exinde
405 1054 465 1124 quis
485 1069 541 1104 non
565 1054 646 1119 poeta
666 1066 700 1100 ex
721 1047 879 1100 auctoritate

86 1143 217 1213 principis
243 1143 284 1195 sui
303 1141 477 1194 dedecorator
502 1138 639 1191 invenitur
659 1134 787 1188 deoruml
824 1132 880 1185 Hic

87 1228 246 1297 Apollinem
259 1227 379 1280 Admeto
391 1227 450 1297 regi
461 1224 602 1296 pascendis
617 1222 758 1294 pecoribus
767 1219 880 1287 addicit,

86 1313 134 1365 ille
154 1313 276 1383 Neptuni
304 1313 457 1365 structorias
485 1328 577 1381 operas
601 1308 777 1361 Laomedonti
801 1307 879 1359 locat.

87 1397 136 1449 Est
151 1405 178 1452 et
192 1398 239 1449 ille
254 1397 288 1450 de
302 1397 393 1467 lyricis
409 1396 570 1465 (Pindarum
586 1395 655 1464 dico)
672 1394 719 1463 qui
734 1392 880 1462 Aesculap-

46 1493 79 1544 15
87 1486 145 1538 ium
160 1487 232 1539 canit
247 1485 374 1538 avaritiae
389 1485 493 1552 merito,
507 1502 560 1554 qua
574 1483 738 1535 medicinam
754 1487 881 1534 nocenter

87 1573 235 1639 exercebat,
243 1570 360 1622 fulmine
370 1570 543 1623 vindicatum.
576 1568 666 1622 Malus
674 1569 786 1640 Iupiter,
796 1569 818 1622 si
827 1568 851 1621 fi
860 1569 881 1620 l-

87 1675 150 1709 men
157 1658 230 1709 illius
240 1663 287 1724 est,
295 1657 394 1726 impius
405 1657 435 1708 in
444 1662 578 1726 nepotem,
587 1656 695 1709 invidus
702 1658 731 1708 in
742 1655 880 1709 artificem.

86 1742 163 1796 Haec
181 1761 270 1812 neque
289 1760 353 1794 vera
371 1743 457 1812 prodi,
473 1759 562 1811 neque
580 1741 651 1794 falsa
671 1742 789 1814 confingi
808 1742 881 1812 apud

88 1829 301 1900 religiosissimos
324 1829 470 1897 oportebat.
508 1826 569 1879 Nec
588 1828 684 1898 tragici
703 1829 814 1898 quidem
836 1834 901 1879 aut‘

47 1923 81 1973 20
88 1915 184 1967 comici
198 1920 320 1985 parcunt,
333 1920 364 1964 nt
378 1930 434 1965 non
454 1931 595 1965 aerumnas
613 1914 656 1966 rel
670 1931 771 1967 errores
787 1914 881 1966 domus

88 1999 202 2052 alicuius
221 1999 266 2051 dei
286 1996 461 2068 praefentur]
490 1998 577 2051 Taceo
597 1999 631 2051 de
654 1999 825 2070 philosophis,
836 1997 882 2051 So-

89 2092 161 2137 crate
180 2091 327 2152 contentus,
343 2084 389 2152 qui
407 2085 437 2135 in
462 2085 653 2156 contumeliam
675 2085 788 2138 deorum
806 2102 882 2154 qucr-

89 2189 152 2223 cum
170 2178 197 2223 et
211 2171 318 2222 hircum
336 2176 363 2222 et
380 2188 474 2224 canem
491 2172 634 2225 deierabat.
673 2171 727 2225 Sed
741 2177 882 2242 propterea

89 2258 231 2309 damnatus
248 2262 287 2309 est
301 2255 431 2325 Socrates,
444 2259 507 2328 quia
520 2259 584 2311 deos
598 2259 758 2311 destruebat.
796 2254 882 2309 Plane

47 2346 80 2397 25
89 2343 162 2411 olim,
175 2344 205 2396 id
224 2349 263 2395 est
282 2361 395 2414 semper,
409 2346 507 2397 veritas
530 2345 592 2398 odio
613 2351 659 2398 est.
697 2344 802 2397 Tamen
820 2361 883 2396 oum

88 2429 255 2498 poenitentia
278 2430 426 2482 sententiae
444 2430 624 2483 Athenienses
650 2437 677 2484 et
699 2431 883 2483 criminatores

91 2513 209 2567 Socratis
224 2522 317 2584 postea
332 2514 484 2583 afflixerint,
497 2523 525 2569 et
538 2517 687 2587 imaginem
702 2517 758 2569 eius
774 2532 883 2568 auream

91 2600 235 2671 intemplo
253 2601 416 2669 collocarint,
426 2602 537 2659 rescissa
550 2603 686 2654 danmatio
699 2599 884 2654 testimonium

93 2685 198 2740 Socrati
220 2686 346 2738 reddidit.
385 2684 439 2738 Sed
458 2692 485 2738 et
503 2685 640 2757 Diogenes
662 2687 752 2739 nescio
771 2685 837 2755 quid
855 2685 885 2736 in

48 2777 82 2827 30
93 2772 244 2827 Herculem
252 2771 331 2839 ludit,
341 2777 369 2824 et
378 2770 517 2824 Romanus
527 2771 643 2842 Cynicus
652 2771 740 2826 Varro
753 2776 884 2824 trecentos

93 2860 181 2930 IoveS,
194 2859 249 2913 sire
264 2856 398 2934 Iupiteres
413 2856 566 2925 dicendum,
580 2857 637 2912 sine
656 2857 786 2928 capitibus
804 2857 885 2910 intro-

94 2947 176 3000 ducit.
