1921 3312
366 138 566 174 APOLOGETIOUS.

107 265 352 320 XXXIXEdam
366 266 422 319 iam
436 284 508 320 nunc
528 285 578 338 ego
590 266 649 337 ipsa
663 267 773 338 negotia
789 264 865 318 01111-

71 354 174 407 stianae
182 352 316 422 factionis,
326 360 357 406 ut
367 354 415 424 qui
424 352 497 406 mala
505 352 690 422 refutaverim,
698 355 769 406 bona
779 359 864 406 osten-

33 430 35 433 *
71 441 143 493 dam.
181 438 285 510 Corpus
298 457 389 492 sumus
403 439 436 492 de
450 440 614 511 conscientia
626 440 763 510 religionis
776 446 803 492 et
812 439 863 492 dis-

72 527 187 597 ciplinae
203 526 345 579 divinitate
364 532 391 579 et
410 526 470 596 spei·
481 525 599 579 foedere.
638 524 747 578 Coimus
761 527 791 578 in
806 544 862 579 coe-

71 619 131 664 tum
155 618 182 663 et
207 612 450 682 congregationem,
466 618 497 663 ut
521 611 556 663 ad
575 611 665 678 deum,
681 612 757 680 quasi
781 630 863 664 manu
891 620 906 669 5

71 696 152 766 iacta,
164 698 363 767 precationibus
379 697 540 749 ambiamus,
577 695 656 749 Haec
668 697 708 749 vis
721 696 772 750 deo
786 705 864 767 grata

71 790 119 835 est.
157 771 273 836 Oramus
291 784 373 836 ctiam
387 800 437 853 pro
451 782 667 853 imperatoribus,
678 800 728 853 pro
745 782 864 836 ministe-

71 871 117 922 riis
130 888 224 923 eorum
237 889 269 923 ac
277 871 461 942 potestatibus,
470 887 519 940 pro
532 876 603 923 statu
616 869 706 938 seculi,
713 888 763 940 pro
772 887 863 923 rerum

72 957 169 1025 quiete,
179 975 228 1027 pro
244 975 320 1010 mora
331 955 401 1008 linis.
440 955 571 1027 Cogimur
585 956 621 1009 ad
632 957 784 1009 litterarum
796 957 863 1009 divi-

71 1059 169 1094 narum
185 1042 477 1109 commemorationem,
486 1043 509 1094 si
524 1042 592 1111 quid
602 1043 784 1111 praesentium
797 1046 907 1096 tem-10

71 1145 169 1197 porum
185 1128 300 1196 qualitas
315 1134 363 1180 aut
380 1146 557 1197 praemonere
576 1129 649 1199 cogit
667 1134 714 1180 aut
727 1145 864 1198 recognos-

72 1232 140 1266 cere.
179 1213 259 1266 Certe
277 1212 361 1265 fidem
383 1213 481 1265 sanctis
501 1214 612 1266 uocibus
633 1214 774 1284 pascimus,
789 1232 864 1285 spem

72 1300 209 1372 erigimus,
225 1297 356 1352 fiduciam
379 1298 497 1370 figimus,
512 1295 684 1371 disciplinam
710 1306 864 1371 praecepto-

72 1405 134 1438 rum
148 1386 324 1438 nihilominus
338 1386 565 1438 inculcationibus
581 1386 740 1452 densamus3
761 1386 865 1438 ibidem

72 1472 155 1524 etiam
174 1471 380 1538 exhortationes,
394 1471 580 1542 castigationes
595 1478 623 1523 et
638 1489 749 1524 censura
759 1470 864 1527 divina.
874 1475 908 1525 15

72 1556 147 1610 Nam
161 1564 189 1609 et
202 1556 338 1609 iudicatur
352 1574 452 1628 magno
467 1575 529 1609 cum
544 1557 671 1627 pondere,
680 1563 711 1609 ut
725 1556 798 1626 apud
811 1567 865 1609 cer-

72 1650 113 1696 tos
123 1643 157 1695 de
167 1642 211 1695 dei
224 1648 376 1712 conspectu,
386 1660 575 1712 summumque
584 1640 672 1694 futuri
683 1642 778 1695 iudicii
791 1660 865 1712 prae·

72 1729 205 1782 iudicium
220 1735 267 1796 est,
280 1729 303 1782 si
318 1729 378 1799 quis
393 1729 432 1781 ita
444 1729 595 1798 deliquerit,
609 1735 640 1782 ut
654 1747 670 1781 a
685 1730 865 1781 communica⁴

74 1816 147 1868 tione
160 1815 288 1868 orationis
300 1821 328 1867 et
338 1820 484 1867 conventus
497 1821 524 1867 et
537 1816 624 1868 omnis
639 1815 724 1868 sancti
737 1832 865 1867 commer-

77 1901 113 1953 cii
133 1900 276 1971 relcgetur.
313 1898 473 1953 Praesident
493 1900 600 1971 probati
620 1900 720 1970 quique
741 1901 865 1969 seniores,
876 1902 910 1953 20

74 1987 205 2041 honorem
226 1987 309 2039 istum
330 2004 386 2039 non
407 1986 503 2056 pretio,
519 1986 565 2039 sed
585 1986 739 2044 testimonio
762 1986 866 2057 adepti:

74 2091 163 2143 neque
185 2074 259 2127 enim
280 2073 368 2143 pretio
389 2073 446 2126 ulla
464 2091 506 2125 111
525 2073 569 2125 (111
589 2079 710 2125 constat
736 2072 827 2126 Etiam
845 2073 868 2126 si

76 2160 148 2229 quod
159 2177 238 2211 arcae
250 2176 336 2229 genus
349 2164 396 2225 est,
406 2158 505 2211 nonde
514 2157 657 2211 honoraria
669 2177 783 2226 summa,
792 2159 867 2228 quasi

75 2245 231 2315 redemptae
252 2243 391 2314 religionis
413 2249 607 2313 congregatim
631 2244 767 2296 modicam
788 2262 867 2296 rinus-

77 2331 190 2400 quisque
208 2328 306 2398 stipem
324 2334 470 2381 menstrua
481 2329 533 2395 die,
546 2329 590 2380 vel
608 2346 693 2397 quum
710 2329 784 2396 velit,
799 2330 910 2382 111125

76 2416 157 2468 modo
175 2413 241 2466 velit
263 2408 290 2466 et
311 2414 334 2467 si
355 2414 436 2467 modo
454 2414 544 2484 possit,
558 2415 682 2484 apponit:
701 2420 765 2468 nam
781 2433 867 2469 vnemo

78 2501 257 2572 compellitur,
265 2499 312 2553 sed
322 2505 415 2570 sponte
426 2497 538 2552 confert.
575 2497 653 2552 Haec
663 2500 738 2570 quasi
748 2501 869 2571 deposita

77 2588 184 2660 pietatis
203 2592 276 2640 suut..
309 2584 384 2638 Nam
401 2584 466 2638 inde
483 2601 539 2636 non
557 2585 651 2655 epulis,
663 2595 715 2638 1111Ι
728 2586 868 2656 potaculis,
886 2603 889 2607 ·

77 2693 129 2728 nec
141 2675 254 2747 ingratis
265 2672 412 2727 voratrinis
417 2671 592 2741 dispensatur,
602 2660 650 2724 sed
663 2673 754 2742 egenis
767 2672 869 2728 alendis

77 2760 286 2831 humandisque,
301 2766 328 2813 et
345 2758 436 2830 pueris
454 2775 485 2810 ac
497 2756 599 2827 <puellis
618 2775 647 2810 re
666 2776 698 2810 ac
715 2759 870 2828 parentibus
878 2761 912 2812 30

14 2905 16 2908 ,
78 2846 224 2916 destitutis,
232 2847 342 2915 iamque
353 2842 505 2898 domesticis
518 2842 633 2910 senibus,
642 2843 710 2896 item
721 2843 870 2913 naufragis,

78 2934 142 2986 etsi
155 2933 203 3003 qui
217 2933 248 2985 in
261 2931 425 3005 met-alliget
436 2930 458 2983 si
471 2928 518 3002 qui
530 2928 559 2980 in
567 2928 676 2997 insulis,
685 2930 772 2982 uel-in
787 2935 871 2982 custo-
