1921 3312
365 130 568 167 monosnrrcus.
829 114 864 164 43

72 258 241 312 consulatum
260 255 370 323 Tiberii,
386 255 433 324 qui
450 256 521 327 ipsos
539 258 692 311 ‘sacerdotes
713 259 742 310 in
763 257 866 310 eisdem

72 343 210 397 arboribus
221 340 316 410 templi
326 341 367 392 sni
377 341 620 395 obumbratricibus
630 344 760 396 scelerum
769 343 865 396 votivis

73 430 196 481 crucibus
206 427 335 498 exposuit,
343 433 410 479 teste
420 427 518 480 militia
527 429 629 497 patriae
638 435 752 496 nostrae,
759 446 826 498 quae
835 429 866 481 id

72 515 161 583 ipsum
173 530 270 566 munus
282 511 324 564 illi
336 513 488 583 proconsuli
497 512 651 566 iunctaest.
689 514 743 567 Sed
755 522 782 567 et
793 533 867 567 nunc

73 601 103 650 in
117 598 223 652 occulto
237 604 388 669 perseverat
402 598 454 651 hoc
469 617 575 652 sacrum
588 598 716 651 facinus
738 598 802 651 Non
817 600 868 653 soli
894 606 908 656 5

73 684 119 737 vos
133 691 308 738 contemnunt
318 683 471 753 Christiani,
479 703 529 737 nec
541 685 629 736 ullum
641 684 726 737 scelus
738 684 768 736 in
776 702 868 755 perpe-

73 778 151 823 tuum
170 771 329 839 eradicatur,
344 778 391 824 aut
409 789 496 825 mores
515 789 575 824 suos
594 770 678 841 aliqui
692 771 757 824 deus
773 777 867 824 mutat.

75 857 145 910 Oum
160 859 275 929 propriis
291 857 354 911 filiis
374 857 504 911 Saturnus
522 876 578 911 non
592 859 720 929 pepercit,
735 857 868 910 extraneis
883 870 884 873 ’

74 945 168 1015 utique
182 962 235 998 non
252 945 387 1015 parcendo
402 945 597 1014 perseverabat,
610 961 676 1014 quos
691 943 802 1014 quidem
816 944 868 1015 ipsi

75 1038 198 1103 parentes
211 1032 258 1083 sui
274 1029 431 1098 offerebant,
446 1037 473 1083 et
487 1031 601 1082 libentes
620 1029 827 1099 respondebant,
841 1035 868 1081 et
876 1033 910 1083 10

75 1116 227 1183 infantibus
240 1116 457 1183 blandiebantur,
466 1133 501 1168 ne
513 1115 685 1168 lacrimantes
699 1114 869 1176 immolarem

76 1208 127 1255 tur.
164 1201 200 1254 Et
214 1208 307 1256 tamen
325 1202 442 1253 multum
456 1201 604 1254 homicidio
622 1200 798 1271 parricidium
816 1200 869 1253 dit

76 1287 138 1341 fert.
175 1286 265 1340 Maior
281 1293 354 1340 aetas
369 1287 442 1358 apud
457 1286 551 1340 Gallos
565 1286 701 1359 Mercurio
715 1287 869 1357 prosecaba-

76 1380 128 1437 tur.
164 1372 286 1427 Remitto
302 1373 430 1426 Tauricas
445 1372 552 1427 fabulas
570 1374 682 1427 theatris
701 1374 761 1432 suis.
798 1373 869 1426 Ecce

76 1460 172 1512 inille
191 1460 390 1532 religiosissima
408 1461 475 1513 urbe
494 1460 686 1513 Aeneadarum
704 1461 811 1530 piorum
831 1463 911 1514 est15

77 1544 182 1616 iupiter
201 1547 320 1616 quidam,
336 1564 416 1616 quem
436 1546 507 1600 ludis
526 1547 582 1605 suis
602 1546 721 1599 humano
742 1545 882 1616 proluunt,

77 1632 214 1703 sangnine.
253 1631 308 1684 Sed
323 1633 450 1700 bestiarii,
463 1633 581 1701 inquitis.
618 1631 690 1700 Hoc,
705 1633 808 1703 opinor,
821 1632 872 1684 mi-

77 1735 127 1770 nus
140 1736 222 1788 quam
231 1717 355 1772 hominis.
388 1717 436 1769 An
445 1717 495 1771 hoc
507 1719 620 1788 turpino,
628 1718 701 1787 quod
709 1718 776 1770 mali
784 1717 869 1771 horni-

78 1804 136 1857 nisl
170 1803 250 1857 Certe
262 1811 352 1857 tamen
368 1805 401 1857 de
413 1804 560 1857 homicidio
572 1803 706 1858 funditur.
740 1804 765 1856 Ο
775 1803 871 1857 Iovem

79 1889 263 1946 Christianum
282 1897 309 1944 et
328 1882 416 1944 solum
434 1891 517 1961 patris
534 1889 622 1943 filium
642 1891 677 1943 de
697 1890 913 1945 erudelitate!20

79 1975 134 2030 Sed
149 1978 279 2046 quoniam
292 1977 326 2030 de
340 1976 513 2030 infanticidio
527 1976 597 2029 nihil
610 1977 728 2046 interest,
744 1995 819 2030 sacro
837 1995 873 2029 an

79 2063 190 2115 arbitrio
208 2069 377 2133 perpetretur
390 2062 464 2130 (licet
478 2063 815 2134 parricidiurn'homicidio
833 2064 872 2115 in-

78 2149 164 2218 tersit)
180 2155 320 2201 convertar
344 2149 380 2201 ad
400 2149 539 2219 populum.
580 2148 654 2211 Quot
672 2149 753 2202 vultis
777 2168 811 2201 ex
831 2149 892 2211 hisp

79 2232 312 2285 circumstantibus
330 2240 358 2298 et
375 2234 406 2291 in
424 2233 638 2287 Christianorum
656 2234 815 2304 sanguinem
833 2234 873 2285 hi-

79 2317 193 2386 antibus,
203 2336 236 2370 ex
245 2318 308 2389 ipsis
321 2319 405 2371 etiam
411 2319 488 2371 vobis
498 2318 648 2371 iustissimis
660 2325 687 2371 et
699 2318 872 2381 severissimis
880 2323 917 2374 25·

78 2403 108 2455 in
117 2420 165 2457 nos
174 2404 339 2474 praesidibus
352 2404 424 2475 apud
433 2405 608 2458 conscientias
617 2404 731 2475 pulsem,
741 2406 789 2475 qui
797 2412 873 2459 natos
917 2436 919 2439 ·

80 2490 131 2544 sibi
144 2490 242 2544 liberos
260 2491 391 2544 enecent?
430 2488 571 2561 Siquidem
589 2490 667 2544 etde
685 2509 784 2563 genere
801 2491 874 2545 necis

80 2576 178 2652 differt,
187 2578 281 2648 utique
297 2577 429 2631 crudelius
441 2577 470 2630 in
483 2595 553 2648 aqua
567 2578 692 2649 spiritum
701 2579 874 2649 ‚extorquetis

80 2670 127 2716 aut
140 2662 238 2735 frigori
252 2662 364 2717 etiami
378 2670 405 2717 et
420 2660 529 2718 canibus
546 2662 694 2736 'exponitis3
713 2652 787 2718 ferro
801 2665 875 2718 enim

81 2750 150 2802 mori
162 2750 235 2803 aetas
250 2768 357 2821 quoqne
372 2751 458 2803 maior
472 2752 612 2822 optaverit.
648 2750 736 2805 Nobis
748 2750 874 2819 vero,ho-
883 2754 917 2803 30
945 2759 947 2762 “

80 2835 191 2889 micidio
201 2836 285 2890 semel
294 2837 446 2904 interdicto,
456 2838 539 2890 etiarn
549 2843 708 2908 conceptum
716 2837 874 2903 utero,·dum

82 2919 294 2991 adhuc‘sanguis
308 2922 339 2973 in
353 2921 493 2975 hominem
507 2921 649 2989 delibatur,
662 2921 805 2975 dissolvere
819 2937 874 2972 non
