1921 3312
107 125 141 174 68
275 137 317 178 oo.
330 135 399 171 sarr.
412 135 489 175 6666.
501 135 708 172 6666666666.

107 268 276 334 sumpserant
289 262 323 315 de
335 261 496 332 humilitate,
506 265 667 334 sequebatur
679 263 720 317 nti
732 281 843 335 magum
857 282 897 318 ae·

107 351 246 403 stimarcnt
259 348 293 401 (16
311 355 451 419 potestate,
465 368 527 402 cum
546 350 593 403 ille
608 351 689 404 uerbo
706 350 848 403 daemonia
864 352 897 404 (16

106 435 262 488 hominibus
272 441 416 503 excuteret,
425 453 516 489 caecos
526 436 708 504 reluminaret,
713 437 830 507 leprosos
837 456 898 509 pur-

107 527 191 592 garet,
198 521 359 591 paralyticos
372 522 552 592 restringeret,
560 528 679 575 mortuos
689 523 807 593 (1661666
816 525 898 577 verbo

82 607 234 672 5r·edderet
248 608 328 675 uitae,
341 609 474 661 elementa
489 608 548 677 ipsa
562 606 715 676 famularet,
730 627 899 681 compescens

109 693 239 764 procellas
252 699 279 746 et
291 692 362 747 16616
374 692 535 764 ingrediens,
549 693 689 746 ostendens
702 712 730 747 66
745 714 801 748 6666
814 696 899 767 λόγον

110 779 163 846 (161,
175 779 205 830 id
220 785 267 845 est,
277 780 391 831 uerbum
404 778 474 830 illud
488 778 663 848 primordiale
681 781 899 851 primogenitum,

109 863 209 914 virtute
224 869 251 915 et
265 863 369 916 ratione
385 864 551 930 comitatum,
564 870 591 915 61
607 863 703 933 spiritu
714 864 825 933 fultum,
838 885 900 919 eun-

110 949 181 1016 dem,
193 949 240 1018 qui
249 949 330 1001 uerbo
344 950 435 1001 omnia
444 954 471 1001 et
480 947 582 1002 faceret
596 956 623 1002 et
632 948 745 1003 fecisset.
783 952 831 1005 Ad
840 953 901 1006 doc-

67 1049 101 1098 10
110 1036 211 1087 trinam
223 1052 286 1087 uero
302 1036 367 1103 eius,
381 1052 434 1104 666
446 1035 654 1088 revincebantur
667 1036 789 1107 magistri
803 1039 901 1107 primo-

67 1128 69 1131 ·
112 1137 207 1190 resque
216 1118 389 1188 Iudaeorum,
402 1120 441 1172 ita
454 1122 685 1190 exasperabantur,
698 1123 815 1175 maxime
828 1124 901 1193 quod

113 1205 220 1258 adeum
232 1206 328 1276 ingens
340 1204 486 1259 multitudo
498 1205 658 1274 deflecteret,
669 1214 699 1260 ut
710 1215 844 1277 postremo
857 1210 901 1262 ob-

112 1291 199 1344 latum
213 1289 313 1343 Pontio
328 1290 419 1344 Pilato
436 1290 542 1361 Syriam
560 1298 626 1344 tune
641 1309 674 1344 ex
688 1299 763 1363 parte
778 1293 902 1347 Romana

112 1378 275 1447 procuranti,
289 1378 417 1431 violentia
443 1375 632 1447 suffragiorum
656 1379 686 1429 in
711 1396 817 1431 crucem
839 1380 902 1433 dedi

69 1471 103 1522 15
114 1464 165 1518 sibi
189 1464 354 1517 extorserint.
392 1462 568 1515 Praedixerat
592 1469 619 1515 et
640 1463 697 1533 ipse
718 1464 757 1516 ita
775 1464 901 1518 facturos.

113 1549 217 1604 Parum
236 1550 295 1616 lroc,
309 1551 331 1602 si
350 1566 406 1601 non
428 1555 456 1600 et
467 1547 621 1622 ,prophetae
641 1555 719 1601 retro.
756 1549 792 1602 Et
811 1556 903 1604 tamen

114 1636 223 1690 suffixus
233 1635 356 1706 spiritum
370 1652 433 1687 cum
443 1635 524 1687 uerbo
537 1640 630 1702 sponte
641 1633 750 1702 dimisit,
758 1643 903 1705 praevento

114 1722 354 1777 earnifietsoffieio.
391 1719 496 1774 Eodem
509 1717 646 1792 momento
656 1720 720 1787 dies,
731 1721 851 1774 medium
864 1740 904 1775 or-

94 1852 97 1858 ,
114 1811 183 1863 bem*
192 1810 314 1879 signante
329 1806 391 1874 sole,
405 1806 537 1859 subducta
553 1812 598 1857 661.
635 1803 796 1874 Deliquium
810 1808 904 1877 utique

72 1899 106 1948 20
115 1900 286 1964 putaverunt,
297 1894 344 1962 661
356 1892 386 1944 id
396 1908 502 1961 666666
513 1907 595 1959 snper
603 1888 708 1942 Christo
721 1892 905 1960 praedicatum

116 1997 172 2032 non
184 1979 316 2043 scierunt3
334 1976 449 2045 [ratione
462 1974 902 2047 66616666116666,6666666666]
925 2030 926 2033 ,

117 2064 251 2118 ettamen
269 2081 332 2116 eum
350 2063 446 2114 mundi
461 2079 554 2114 casum
569 2060 684 2114 relatum
698 2061 728 2112 in
746 2063 848 2115 arcanis
863 2081 905 2115 ue·
948 2076 949 2079 ’

117 2151 177 2203 stris
197 2147 308 2203 habetis.
346 2148 424 2201 Tunc
442 2146 539 2200 ludaei
562 2146 713 2199 detractum
735 2150 770 2199 et'
784 2148 905 2218 sepulcro

116 2236 257 2290 conditum
269 2253 369 2307 magna
382 2235 464 2287 etiam
476 2230 599 2285 militaris
617 2232 753 2285 custodiae
766 2233 906 2304 diligentia

73 2322 106 2372 25
117 2321 353 2389 circumsederunt,
363 2338 405 2388 ne,
416 2320 480 2390 6616
492 2319 662 2390 praedixerat
674 2319 754 2373 tertia
767 2319 811 2372 die
822 2338 907 2373 resur-

117 2414 255 2460 recturum
269 2425 297 2460 se
312 2426 328 2460 a
342 2413 436 2475 morte,
446 2406 572 2477 discipuli
584 2405 658 2458 furto
673 2405 778 2458 amoliti
793 2406 907 2459 cadauer

118 2485 246 2545 fallerent
258 2493 399 2561 suspectos.
437 2491 492 2545 Sed
505 2510 566 2544 ecce
580 2493 624 2544 (116
636 2492 716 2544 tertia
730 2492 857 2543 concussa
868 2509 907 2543 re-

118 2577 200 2647 pente
218 2577 297 2643 terra,
310 2584 337 2629 et
354 2577 426 2629 mole
444 2578 572 2644 reuoluta,
587 2595 657 2646 6666
680 2576 848 2629 obstruxerat
870 2594 908 2629 se-

118 2663 251 2732 pulcrum,
264 2668 291 2713 et
307 2660 427 2713 custOdia
440 2678 539 2730 pauore
552 2661 670 2729 disiecta,
683 2661 765 2714 nullis
781 2667 907 2731 apparen-

75 2750 109 2798 30
119 2746 192 2800 tibus
205 2745 349 2815 discipulis,
359 2745 428 2797 nihil
443 2746 474 2806 16,
487 2745 609 2815 sepulcro
624 2752 760 2816 repertum
770 2752 823 2814 est,
834 2765 908 2817 prae-

118 2841 244 2903 terquam
265 2831 376 2884 exuviae
398 2830 514 2901 sepulti(
539 2829 836 2885 Nihilominus‘tamen
855 2834 907 2904 pri-

119 2936 213 2987 mores,
227 2935 343 2989 quorum
361 2917 369 2968 i
392 2921 488 2970 tererat
507 2921 534 2968 et
552 2916 638 2969 scelus
656 2916 802 2988 divulgare,
816 2926 843 2973 et
861 2938 907 2991 po·
