1921 3312
87 143 124 194 56,
265 158 307 199 or.
322 156 391 191 surr.
405 156 481 192 unos.
494 155 702 192 rumunnmuus.

86 302 134 334 um
145 288 343 353 recognoscent,
353 283 383 335 in
395 284 503 354 templis
518 284 652 337 adulteria
667 282 799 354 componi,
810 282 880 335 inter

86 386 144 421 aras
153 369 289 421 lenocinia
298 371 416 437 tractari,
426 371 455 421 in
465 371 528 441 ipsis
538 367 697 441 plerumque
711 370 881 423 aedituorum

86 461 114 506 et
125 454 296 507 sacerdotum
308 456 495 524 tabernaculis,
505 457 555 509 sub
568 457 665 508 iisdem
675 457 749 509 vittis
762 463 789 508 et
802 455 882 526 apici-

87 542 137 593 bus
155 548 182 593 et
196 542 330 611 purpuris
344 542 422 594 thure
439 541 570 613 flagrante
586 543 729 596 libidinem
749 543 881 614 expungi:

64 628 185 695 5nescio,
197 628 293 697 plusne
312 627 346 680 de
361 628 437 680 vobis
452 628 491 680 dii
506 629 596 696 vestri,
610 646 692 698 quam
708 630 741 682 de
757 629 883 682 Christia-

88 714 130 766 nis
143 721 301 783 querantur.'
334 712 414 765 Certe
429 713 552 784 sacrilegi
567 714 601 766 de
613 716 707 767 restris
722 731 827 785 semper
839 732 883 785 ap-

88 800 310 870 prehenduntur.‘
337 798 488 851 Christiani.
499 800 576 850 cnim'
585 801 685 869 templa
699 818 750 853 nec
765 800 884 852 interdiu

88 891 202 950 norunt,
222 884 368 955 spoliarent
386 884 500 937 forsitan
521 902 553 936 ea
574 891 601 936 et
619 885 678 953 ipsi,
694 886 716 937 si
736 892 763 937 et
780 886 833 955 ipsi
852 903 884 937 ea

90 971 238 1022 adorarent.
276 968 350 1031 Quid
366 987 430 1040 ergo
446 969 546 1038 colunt,
561 971 608 1038 qui
625 970 690 1022 talia
705 988 760 1023 non
775 970 884 1023 colunt?

48 1055 152 1116 lolam
164 1056 275 1125 quidem
289 1055 406 1126 intelligi
422 1056 542 1108 subiacet
554 1056 675 1108 veritatis
691 1074 746 1109 esse
762 1055 884 1123 cultores,

92 1143 139 1211 qui
153 1142 289 1194 mendacii
301 1160 359 1201 ¹non
374 1142 441 1194 sint:
460 1160 511 1194 nec
527 1160 614 1194 errare
630 1142 746 1212 amplius
761 1143 791 1194 in
806 1144 846 1211 eo,
856 1143 885 1194 in

92 1245 260 1297 quo-errasse
279 1245 306 1280 se
321 1227 536 1298 recognoscendo
552 1230 718 1281 cessaverint.
756 1228 886 1298 Hocpri-

91 1332 123 1366 us
138 1314 232 1385 capite,
245 1320 273 1366 et
288 1332 397 1367 omnem
411 1314 476 1366 bino
491 1315 748 1367 sacramenti-nostri
763 1315 886 1368 ordinem

93 1399 206 1465 haurite,
217 1400 376 1469 repercussis
390 1406 452 1451 aitte
464 1406 556 1451 tamen
569 1400 739 1469 opinionibus
752 1398 835 1452 falsis

51 1493 84 1543 15
100 1497 101 1500 ’
129 1484 210 1538 XVI.
223 1485 304 1552 Nam,
314 1491 345 1536 ut
358 1485 477 1554 quidam,
488 1485 638 1537 somniastis
653 1492 736 1554 caput
751 1485 897 1537 asininum,

94 1590 150 1624 esse
165 1572 246 1624 deum
260 1577 389 1624 nostrum.
426 1570 508 1622 Hane
524 1570 665 1623 Cornelius
680 1569 790 1624 Tacitus
805 1572 887 1641 suspiss

94 1658 198 1710 cionem
215 1656 346 1709 eiusmodi
360 1656 479 1708 inseruit.
517 1654 546 1708 Is
562 1656 636 1708 enim
650 1656 681 1707 in
696 1656 791 1725 quinta
807 1655 887 1708 histo-

93 1743 195 1795 riarum
210 1760 319 1795 suarum
334 1741 438 1795 bellum
452 1740 720 1794 Iudaicum-exorsus
735 1742 769 1793 ab
784 1742 888 1811 origine

95 1829 190 1899 gentis,
206 1829 289 1880 etiam
304 1827 338 1880 de
353 1828 411 1897 ipsa
429 1833 486 1878 tam
505 1827 617 1897 origine,
632 1836 713 1901 ‘quam
729 1827 763 1879 de
779 1827 888 1879 nomine

52 1922 86 1972 20
96 1922 123 1966 et
135 1914 265 1984 religione
278 1913 448 1984 gentisqua'e
458 1911 543 1965 uoluit
556 1917 765 1982 argumentatus,
773 1911 889 1965 ludaeos

97 1997 180 2052 refert
189 1999 316 2069 Aegypto
332 1998 478 2068 expeditos
488 1998 552 2065 sire,
559 2004 590 2049 ut
602 1997 715 2067 putarit,
726 2003 850 2065 extorres,
859 1997 889 2048 in

97 2085 178 2137 uastis
195 2084 395 2136 Arabiae‘loois
414 2101 545 2152 aquarum
564 2082 749 2153 egentissimis,
765 2100 827 2134 oum
845 2082 887 2135 sit'

97 2175 304 2238 macerarentur,
320 2170 434 2240 onagris,
447 2170 494 2238 qui
506 2168 577 2221 forte
595 2169 629 2221 de
645 2175 724 2239 pastu
737 2175 832 2239 potum
845 2176 890 2240 pe-

79 2257 172 2309 tituri
193 2257 415 2323 aestimabantur,
428 2255 564 2308 indicibus
585 2253 670 2308 fontis
693 2273 752 2308 usos
774 2257 807 2309 ob
829 2262 890 2309 eam

54 2346 87 2397 25
96 2343 212 2413 gratiam
233 2343 378 2395 consimilis
399 2342 500 2395 bestiae
523 2339 692 2411 superficiem
716 2348 889 2395 consecrasse.

97 2429 190 2496 Atque
213 2428 252 2479 ita
275 2428 347 2495 inde,
366 2428 696 2497 opinor,'praesumptum,
713 2445 762 2479 nos
784 2445 890 2497 quoque

98 2520 129 2565 ut
147 2512 431 2583 Iudaicaereligionis
450 2515 623 2583 propinquos,
639 2514 728 2566 eidem
748 2513 891 2565 simulacro

98 2598 208 2651 initiari
245 2598 285 2649 At
302 2599 374 2650 enirn
389 2599 463 2650 idem
478 2598 618 2651 Cornelius
635 2598 758 2665 Tacitus,
767 2616 830 2650 sane
844 2598 891 2650 ille
954 2603 956 2607 ⁴

99 2682 525 2751 mendacior-umloquacissimus,
534 2684 563 2734 in
577 2683 672 2735 eadem
684 2683 795 2736 historia
806 2682 891 2737 refert

21 2818 23 2820 ,
57 2771 223 2825 30‘Onaeurn
239 2768 410 2839 Pompeium,
427 2775 491 2820 oum
507 2767 679 2821 Hierusalem
699 2770 818 2840 cepisset,
833 2789 891 2841 pro-

98 2841 244 2930 ptereaque
258 2854 392 2924 templum
407 2854 515 2906 adiisset
529 2853 698 2925 speculandis
711 2854 838 2910 iudaicae
852 2876 891 2910 re-

98 2943 207 3017 ligionis
220 2940 340 3009 arcanis,
356 2939 463 2992 nullum
481 2938 538 2992 illic
560 2939 687 3010 reperisse
704 2940 890 2996 simulacrum.
