1921 3312
382 134 583 171 Aronoonrrous
844 118 880 169 49

89 264 177 335 potnit
190 281 253 330 esse,
264 261 336 330 quod
345 259 460 330 perfecit
473 262 569 315 omnia.
606 263 684 315 Nihil
694 262 842 316 Saturnum
854 268 882 315 et
911 258 913 263 ’

91 348 245 401 Saturniam
263 352 372 417 gentem
392 348 569 416 exspectabat.
606 347 680 401 Vani
700 357 778 402 erunt
796 349 882 401 hoini-

83 452 144 501 nes,
156 433 209 485 nisi
227 433 293 491 certi
312 432 372 499 sint,
385 450 401 483 a
419 432 567 502 primordio
586 440 613 485 et
630 434 735 503 piuvias
754 436 788 500 de
807 435 881 488 coeio

84 520 180 585 ruisse,
194 524 221 570 et
236 517 323 569 sidera
337 518 461 584 radiasse,
476 525 503 570 et
515 518 620 570 lumina
634 518 760 587 floruisse,
771 527 801 582 ,et
815 521 883 573 toui-

85 612 151 657 trua
163 603 320 674 mugisseet
332 604 421 673 ipsum
434 602 536 671 Iovem,
551 621 620 672 quae
632 604 662 656 in
674 622 757 656 manu
769 606 826 666 eius
837 623 883 675 po·
908 625 923 675 5

90 677 286 764 nitiS,;fuirni1ia
296 689 431 756 timuisse3
450 690 518 741 item
531 707 639 757 ornnem
649 687 759 760 frugem
772 688 833 742 ante
843 689 885 742 Li-

91 778 186 829 berum
198 783 225 828 et
239 774 366 828 Cererem
381 774 582 844 etMinervam,
595 776 651 828 imo
667 775 730 828 ante
744 775 824 827 iilum
839 776 886 829 ali-

92 881 172 933 quem
187 863 338 934 priuoipem
352 863 491 917 hominem
506 863 540 916 de
555 870 627 916 terra
643 864 807 932 exuberasse,
821 864 885 933 quia

90 950 160 1002 nihil
180 950 342 1003 continendo
363 959 390 1002 et
414 949 569 1003 sustinendo
587 948 692 1002 homini
714 957 885 1020 prospectum
951 1000 953 1002 ,

14 1082 17 1085 ⁴
90 1034 301 1107 posthominem
316 1035 405 1105 potuit
416 1034 520 1087 inferri.
558 1034 686 1105 Denique
701 1035 835 1087 invenisse
848 1036 927 1103 di-'10

93 1109 194 1174 cuntur·
207 1125 356 1176 necessaria
374 1125 426 1177 ista
445 1124 523 1190 vitae,
539 1123 595 1175 non
614 1123 767 1176 instituisse.
803 1118 886 1185 ¹Quod,

93 1218 184 1264 autem
196 1210 339 1277 invenitur,
349 1208 418 1276 fuit5
438 1216 465 1261 et
478 1208 551 1278 quod
564 1207 695 1276 fuit,.non
708 1209 765 1261 eius
778 1204 887 1280 deputa-

88 1298 174 1364 bitiu,
184 1296 231 1366 qui
245 1296 358 1363 invenit,
368 1295 415 1348 sed
429 1295 485 1347 eius
501 1294 548 1363 qui
564 1294 686 1357 instituit.
724 1293 790 1347 Erat
805 1296 887 1361 enim,

93 1390 237 1453 antequam
252 1383 426 1435 inveniretur.
464 1380 591 1434 Ceterum
610 1381 632 1433 si
651 1379 796 1452 propterea
806 1379 888 1433 Liber

94 1469 167 1536 dene,
183 1469 256 1539 quod
273 1470 364 1522 ritem
376 1468 576 1536 demonstravit,
596 1467 667 1520 maie
693 1464 756 1519 oum
774 1464 929 1530 Lucullo15

91 1562 186 1608 'aetum
205 1562 252 1622 est,
265 1556 312 1624 qui
329 1556 432 1625 primus
451 1572 541 1607 oerasa
560 1572 594 1606 ex
610 1553 699 1606 Ponto
717 1550 814 1608 Italiae
830 1571 888 1623 pro-

95 1641 235 1711 muigavit,
246 1640 318 1710 quod
331 1658 385 1693 non
400 1646 440 1692 est
454 1646 596 1710 propterea
613 1645 789 1707 consecratus
799 1645 830 1691 ut
842 1657 888 1691 no.-

95 1745 145 1779 vae
159 1726 246 1797 frugis
259 1733 361 1798 auctor,
373 1727 437 1795 quia
448 1727 573 1778 inuentor
586 1731 613 1777 et
626 1727 751 1788 ostensor.
788 1724 889 1787 Quam-

93 1813 190 1865 obrem
201 1813 224 1864 si
236 1813 270 1865 ab
280 1812 357 1864 initio
369 1819 397 1864 et
406 1813 536 1864 instructa
549 1818 577 1864 et
590 1812 669 1864 oertis
679 1809 889 1864 exercendorum

96 1898 246 1951 officiorum
265 1903 374 1951 suorum
393 1899 542 1951 ratiunibus
561 1898 714 1969 dispensata
732 1899 891 1951 universitas
899 1905 933 1954 20

97 1985 223 2052 constitit,
233 1988 311 2037 raoat
324 1987 358 2037 en
369 1983 421 2036 hae
432 1991 510 2054 parte
524 2002 616 2037 oaussa
630 1984 892 2055 aliegendaehuma-

93 2071 188 2123 nitatis
202 2071 232 2122 in
245 2052 423 2137 divinitatem,
437 2070 500 2140 ‘quia
514 2087 580 2140 quas
595 2070 649 2122 iilis
665 2070 791 2124 stationes
807 2078 834 2124 et
848 2090 893 2142 po-

94 2164 205 2212 testates
221 2156 399 2223 distribuistis,
412 2163 470 2209 tam
486 2156 599 2209 fuerunt
618 2158 652 2209 ab
667 2158 754 2224 initio,
769 2176 851 2227 quam
866 2165 893 2210 et

94 2240 220 2311 fuissent,
233 2242 338 2294 etiarnsi
351 2242 417 2294 deos*
429 2242 493 2293 istos
508 2260 563 2294 non
580 2244 724 2294 creassetis,
747 2261 749 2265 ·
763 2242 817 2295 Sed
832 2261 893 2295 eon-

98 2326 283 2380 vertimini'ad]
289 2326 510 2393 oau'ssam‘aiiam,
520 2327 709 2396 respondentes
716 2327 891 2381 oollationem
900 2331 934 2382 25

99 2412 248 2464 divinitatis
263 2412 422 2464 meritorum
441 2412 701 2464 remunerandorum
715 2411 800 2466 fuisse
815 2414 893 2466 ratio-

99 2517 169 2551 nem.
206 2496 243 2549 Et
257 2497 322 2549 hino
339 2496 615 2566 concedetisopinor,
627 2497 707 2549 iilum
723 2499 805 2551 deum
820 2498 894 2552 deifi-

96 2577 163 2637 'oum
175 2584 280 2636 iustitia
294 2582 463 2653 praecellere,
474 2582 521 2651 qui
533 2600 584 2635 neo
596 2589 706 2651 temere,
716 2602 767 2637 neo
782 2585 894 2656 indigue

100 2680 153 2728 neoj
162 2670 275 2741 prodige
284 2676 391 2722 tautum
402 2669 553 2738 praemium
563 2669 743 2739 dispensarit
763 2670 836 2724 Volo
846 2672 894 2742 igi-

100 2763 145 2809 tur
153 2757 249 2809 merita
258 2772 404 2822 recensere,
413 2761 448 2806 an
460 2754 599 2807 eiusmodo
612 2756 674 2823 sint,
683 2762 713 2808 ut
722 2756 784 2809 ilios
796 2757 826 2808 iu
838 2774 894 2809 ooe-
902 2761 936 2810 30

100 2842 159 2903 lum
174 2841 326 2909 extulerint,
335 2847 367 2893 'et
381 2848 437 2892 non
454 2838 548 2909 potius
557 2839 689 2893 inimum
704 2847 835 2894 tartarum
850 2841 894 2893 de-

100 2928 251 2995 merserint,
258 2936 341 2997 quem
350 2920 483 2979 cernerem
492 2942 642 2995 poenarum
651 2926 821 2979 infernarum
831 2945 894 2978 oum
