1921 3312
95 131 129 181 38
271 147 314 189 on.
328 147 398 182 surr.¹
410 147 486 184 raon.
496 129 703 185 rnnrunnmnus.

92 290 144 325 nec
155 273 262 344 singula
274 273 338 327 satis
351 292 415 342 esse,
425 292 476 329 nec
488 276 569 329 nuda.
607 275 682 329 Nam
693 292 728 328 ne
737 273 781 328 vel
792 273 885 327 hieme
952 338 955 344 ἱ

93 358 216 428 uoluptas
227 360 367 429 impudica
381 360 503 431 frigeret,
514 362 597 432 primi
608 355 814 415 Lacedaemonii
827 359 882 412 odi-

92 462 139 496 um
149 445 266 514 penulae
275 446 347 499 ludis
357 447 583 517 excogitaverunt.
614 447 705 501 Video
715 454 742 501 et
750 448 883 500 interma-

93 538 184 583 tronas
196 538 278 602 atque
290 532 451 602 prostibulas
464 533 573 585 nullum
585 533 619 586 de
631 532 726 586 habitu
739 532 884 587 discrimen
925 576 929 583 .

66 615 222 675 5relictum.
260 615 340 669 Oirca
358 616 475 670 feminas
498 618 609 687 quidem
631 620 714 671 etiam
736 620 784 673 illa
803 620 885 673 maio-

90 720 152 753 rum
161 702 283 754 instituta
297 703 458 770 ceciderunt,
468 721 537 773 quae
547 704 701 773 modestiae,
711 706 886 775 quaesobrie-

90 788 140 839 tati
152 788 396 856 patrocinabantur,
408 806 471 840 cum
484 807 581 840 aurum
596 790 770 859 nulla'norat,
780 797 886 860 praeter

68 917 70 920 .
90 872 171 924 unico
191 871 285 942 digito,
301 889 383 940 quem
408 890 519 942 sponsus
542 876 742 945 oppignerasset
762 875 885 945 pronubo

91 958 206 1026 annulo;
226 977 288 1011 cum
298 958 423 1011 mulieres
436 977 521 1029 usque
535 960 602 1014 adeo
615 979 632 1013 a
640 961 704 1013 vino
713 956 899 1030 abstinerent,
941 962 943 965 ’

48 1052 82 1102 10
91 1051 122 1097 nt
133 1051 285 1098 matronam
298 1045 333 1097 ob
345 1045 493 1115 resignatos
508 1045 591 1099 cellae
600 1047 720 1099 vinariae
729 1044 831 1101 loculos
844 1049 886 1101 sui

30 1148 32 1150 ·
91 1130 183 1183 inedia
194 1131 322 1184 necarint.
360 1129 418 1184 Sub
430 1130 549 1185 Romulo
562 1128 814 1202 veroquaevinum
827 1134 886 1195 atti-

90 1224 175 1287 gerat,
188 1217 299 1287 impune
319 1234 335 1268 a
349 1216 474 1271 Mecenio
493 1217 590 1270 marito
605 1218 743 1272 >trucidata
760 1225 808 1272 est.
845 1217 886 1271 Io-

91 1304 162 1356 circo
181 1309 209 1355 et
223 1302 315 1356 oscula
328 1303 486 1374 propinquis
505 1302 601 1356 offerre
610 1304 761 1357 ,necessitas
776 1310 846 1371 erat,
855 1311 886 1355 nt

93 1390 189 1460 spiritu
205 1389 398 1442 iudicarentur.
436 1388 493 1443 Ubi
507 1396 547 1443 est
559 1389 606 1443 illa
617 1389 734 1443 felicitas
749 1391 886 1444 matrimo¹⁴

49 1476 201 1534 151110111111
215 1476 249 1528 de
262 1475 382 1529 moribus
398 1475 491 1545 utique
503 1484 664 1546 prosperata,
675 1495 729 1547 qua
740 1495 790 1548 per
802 1494 886 1529 annos

91 1560 179 1614 ferme
193 1567 330 1614 sexcentos
343 1562 378 1614 ab
391 1561 457 1613 urbe
471 1561 580 1613 condita
594 1562 669 1614 nulla
682 1562 827 1631 repudium
840 1561 886 1614 do-

91 1665 151 1699 mus
164 1647 286 1718 scripsit?
323 1647 364 1700 At
376 1664 449 1699 nimo
458 1647 491 1698 ’111
500 1646 611 1700 feminis
623 1665 688 1718 prae
702 1665 766 1700 auro
778 1642 886 1699 nullum
931 1703 933 1708 ,

90 1732 149 1786 leve
162 1739 201 1786 est
214 1733 382 1800 membrum,
401 1733 537 1802 praecino
550 1732 657 1784 nullum
665 1732 785 1785 liberum
796 1738 839 1785 est
848 1750 887 1785 os-

91 1820 199 1887 culum3
217 1819 363 1889 repudium
378 1836 441 1871 vcro
455 1818 512 1871 iam
531 1825 558 1871 et
572 1825 666 1871 votum
680 1824 728 1886 est,
741 1818 817 1888 quasi
831 1827 887 1872 rna-

48 1914 82 1963 20
92 1905 212 1958 trimonii
221 1904 334 1957 finctus.
370 1903 463 1956 Etiam
473 1905 544 1956 circa
552 1904 623 1973 ipsos
633 1904 697 1956 deos
705 1910 807 1957 uestros
817 1921 886 1973 qnae

27 1991 30 1996 ’
92 1998 230 2061 perspecte
245 1991 419 2043 decreverant
433 1996 522 2058 patres
543 1989 632 2057 uestri,
646 1989 731 2041 iidem
749 2007 795 2042 ros
814 1990 889 2042 obse-

93 2076 261 2146 quentissimi
278 2075 429 2128 rescidistis.
466 2073 596 2127 Liberum
612 2080 719 2144 patrem
737 2092 800 2126 crim
818 2092 887 2144 mys-

92 2163 167 2215 teriis
177 2163 230 2215 suis
242 2160 363 2214 consules
373 2166 480 2214 senatus
490 2159 649 2213 auctoritate
658 2177 712 2212 non
722 2160 803 2213 modo
812 2160 887 2229 urbe,
947 2215 949 2217 .

92 2249 139 2301 sed
149 2248 274 2300 universa
283 2246 365 2300 Italia
379 2247 595 2299 eliminaverunt.
630 2244 788 2315 Serapidem
803 2252 830 2317 et
839 2244 888 2299 Isi-

48 2336 81 2386 25
93 2334 155 2387 dem
168 2340 195 2386 et
203 2333 403 2404 Harpocratem
417 2351 480 2385 cum
492 2350 540 2385 suo
554 2330 743 2402 cynocephalo,
753 2331 887 2402 Capitolio

92 2418 240 2488 prohibitos
256 2417 388 2486 [inferri],
400 2418 431 2470 id
446 2424 485 2471 est
501 2417 575 2470 curia
588 2418 701 2471 deorum
715 2416 813 2487 pulsos,
823 2415 888 2471 Piso
916 2421 921 2428 '

94 2511 122 2556 et
140 2503 273 2556 Gabinius
293 2504 421 2570 consules,
433 2521 489 2555 non
508 2503 603 2572 utique
623 2502 777 2569 Christiani,
790 2503 888 2556 eversis

94 2589 177 2642 etiam
189 2589 241 2640 aris
254 2606 347 2640 eorum
360 2588 562 2654 abdicauerunt,
571 2587 693 2657 impium
706 2593 734 2639 et
742 2587 887 2640 otiosarum

94 2675 313 2745 superstitionum
330 2674 398 2725 uitia
420 2672 581 2725 cohibentes.
618 2671 672 2724 His
689 2689 737 2724 vos
757 2672 888 2727 restitutis

50 2764 83 2813 30
94 2778 229 2815 summam
238 2759 406 2811 maiestatem
416 2757 573 2810 contulistis.
610 2755 668 2809 Ubi
677 2756 780 2828 religio,
788 2758 836 2811 ubi
845 2777 889 2813 ve·

93 2846 197 2900 neratio
215 2844 362 2896 maioribus
381 2843 473 2896 debita
490 2861 506 2895 a
520 2841 614 2895 vobis?
632 2839 745 2910 Habitu,
754 2842 837 2910 victu,
848 2843 888 2896 in-

93 2928 492 2999 st1·1ictu,sensii,ipsodenique
505 2944 626 2981 sermono
635 2926 742 2998 proavis
753 2934 878 3009 renuntia
919 2995 921 2997 ‚
