1921 3312
94 131 128 181 60
267 146 309 187 on.
322 145 397 180 raon.
412 145 482 180 surr.
496 143 705 181 massmannus.

70 298 72 301 ⁴
94 272 208 324 dieantis
231 271 347 325 ediderit
367 290 416 343 per
435 274 544 342 imbres
556 292 604 344 per
622 273 713 345 ignes3
732 270 778 341 qui
797 270 884 323 derne-

93 357 177 410 reudo
196 357 248 410 sibi
263 357 661 429 disciplinas.determinaverit,-
674 376 738 428 quas
756 356 884 428 ignoratis

93 450 140 496 aut
153 443 288 512 deseritis;
307 445 354 497 sed
367 451 395 497 et
405 446 608 498 observantibus
620 444 662 497 his
674 443 794 515 praemia
806 442 886 495 desti-

93 531 172 598 narit,
185 537 216 583 nt
232 535 278 600 qui
296 531 425 600 prodacto
444 549 509 584 aevo
524 532 575 584 isto
593 531 759 583 iudicaturus
777 531 811 582 sit
826 546 885 582 suos

69 621 84 672 5
95 617 209 670 cultores
220 617 250 668 in
262 617 334 669 ritae
349 623 473 669 aeternae
489 617 701 684 retributionem,
714 614 842 686 profanos
857 615 887 666 in

94 703 187 774 ignem
205 720 289 772 aeque
304 710 443 772 perpetem
462 708 489 754 et
503 703 604 772 iugem,
617 702 748 754 suscitatis
763 701 887 772 omnibus

95 790 129 841 ab
141 789 218 840 initio
232 788 408 841 defunctiset
420 786 574 839 reformatis
587 793 614 838 et
621 787 762 852 ‚recensitis
775 787 810 838 ad
823 787 887 837 utri-

94 878 178 941 usque
196 873 287 924 meriti
306 872 529 942 dispunotionern.
553 870 644 923 >Haeo
666 877 693 922 et
710 877 764 923 nos
780 870 887 923 risimus

94 960 247 1030 aliquando,
284 959 328 1012 De
340 961 434 1012 restris
446 948 565 1026 fuimus3
584 957 661 1026 fiunt,
674 975 729 1010 non
741 964 887 1010 naseuntur

51 1045 250 1100 munusturi.
288 1045 361 1107 Quos
380 1046 498 1098 diximus
520 1044 725 1115 praedicatores,
740 1043 887 1115 prophetae

31 1193 34 1198 .
95 1133 129 1185 de
143 1133 229 1185 offioio
242 1131 385 1202 praefandi
394 1138 531 1185 nodantur.
563 1131 653 1184 Voces
666 1131 887 1200 eoremitemque

96 1219 215 1286 rirtutes,
227 1236 291 1287 quas
304 1218 339 1270 ad
351 1217 434 1270 fidem
446 1218 596 1272 divinitatis
609 1217 733 1284 edebant,
743 1217 773 1268 in
785 1216 888 1269 thesau-

95 1306 131 1356 ris
143 1304 295 1357 litterarum
309 1311 428 1372 manent,
438 1321 488 1355 neo
502 1304 569 1356 istae
584 1320 657 1355 nuno
669 1302 761 1355 latent.
799 1301 888 1354 Ptole-

95 1395 243 1443 maeorum
253 1390 455 1458 eruditissimus,
472 1407 553 1460 quem
568 1389 780 1459 Philadelphum
799 1406 888 1459 super-

52 1478 85 1529 15
95 1476 280 1543 nominant'et
288 1477 374 1528 omnis
383 1476 550 1531 litteraturae
560 1476 752 1547 sagacissimus,
763 1493 825 1527 oum
835 1481 888 1541 stu-

97 1562 142 1615 dio
155 1561 378 1614 bibliothecarum
390 1560 569 1631 Pisistratum,
584 1562 685 1632 opinor,
699 1561 897 1629 aemularetur,

94 1648 166 1700 inter
178 1654 266 1701 oetera
278 1648 476 1715 memoriarum,
487 1648 583 1718 quibus
596 1655 642 1701 aut
655 1655 773 1702 vetustas
785 1655 833 1702 aut
845 1667 889 1700 ou-

95 1734 199 1786 riositas
212 1734 302 1802 aliqua
315 1734 349 1786 ad
361 1732 467 1785 famam
478 1735 706 1804 patroeinabatur,
717 1753 751 1787 ex
761 1740 889 1805 'suggestu

96 1818 229 1871 Demetrii
237 1817 363 1870 Phalerei
376 1820 616 1887 grammaticorum
624 1826 689 1872 trine
700 1819 889 1889 probatissimi,

55 1911 88 1959 20
99 1905 142 1955 oui
160 1902 360 1972 praefecturam
378 1903 561 1969 mandaverat,
570 1905 654 1957 libros
672 1923 688 1956 a
703 1904 812 1956 Iudaeis
827 1921 890 1973 quo-

99 2006 152 2057 que
174 1988 327 2057 postularit,
346 1990 466 2058 proprias
488 1989 613 2057 [seilicet]
635 1997 716 2060 atque
734 1990 890 2042 vernaculas

99 2075 208 2142 litteras,
219 2091 284 2143 quas
299 2073 349 2127 soli
361 2073 504 2127 habebant.
542 2064 584 2127 Ex
598 2076 662 2145 ipsis
677 2077 750 2128 enim
765 2082 792 2128 et
805 2075 840 2128 ad
852 2076 891 2145 ip-

98 2178 140 2213 sos
152 2177 257 2230 semper
269 2160 415 2230 prophetae
428 2167 626 2231 peroraverant,
639 2162 742 2214 scilieet
754 2162 789 2214 ad
802 2162 891 2215 dorne-

98 2247 193 2299 stieam
203 2245 247 2298 dei
259 2252 368 2316 gentem
382 2264 416 2298 ex
427 2253 536 2317 patrum
548 2248 642 2317 gratia.
679 2246 799 2301 Hebraei
811 2255 890 2315 retr0,

56 2338 88 2388 25
99 2333 145 2401 qui
159 2350 235 2394 nuno
244 2330 358 2400 Indaei3
377 2333 462 2404 igitur
477 2340 504 2386 et
516 2333 621 2386 litterae
634 2332 784 2402 Hebraeae,
797 2341 824 2387 et
839 2334 891 2388 elo-

100 2418 201 2486 quium.
239 2416 294 2470 Sed
311 2435 346 2471 ne
364 2420 461 2471 notitia
480 2420 659 2489 raoa1·et,hoo
678 2419 891 2491 quoquePtole-

99 2519 176 2554 maeo
192 2520 208 2553 a
222 2501 334 2555 ludaeis
346 2505 526 2574 subseriptum
540 2513 587 2574 est,
600 2508 771 2578 septuaginta
786 2514 813 2559 et
828 2507 891 2560 duo-

100 2588 149 2639 bus
168 2586 358 2655 interpretibus
376 2589 495 2657 indultis,
509 2608 575 2658 quos
588 2591 766 2645 Menedemus
785 2609 892 2662 quoque

100 2670 274 2740 philosophus
288 2672 473 2740 providentiae
488 2674 588 2727 vindex
603 2675 643 2726 de·
655 2678 802 2730 sententiae
820 2668 892 2729 oom-

58 2767 91 2816 30
100 2755 230 2808 munione
243 2757 367 2825 suspexit.
404 2756 560 2810 Affirmavit
572 2759 638 2811 haee
650 2763 725 2815 robis
738 2763 821 2814 etiam
830 2762 893 2814 Ari-

102 2848 197 2893 staeas.·
227 2838 271 2892 Ita
284 2840 313 2891 in
324 2839 461 2893 Graecum
473 2840 574 2911 stylum
587 2850 713 2914 exaperta
726 2848 893 2899 monimenta

102 2927 219 2996 reliquit.
257 2924 349 2978 Hodie
369 2927 441 2996 apud
461 2925 610 2997 Serapeum
628 2927 779 2984 Ptolemaei
797 2932 892 2985 biblio-
