1921 3312
85 129 137 178 102
260 140 302 181 ou.
317 139 386 174 surr.
399 138 475 174 raon.
489 137 696 174 rnnrunnmnos.

82 270 213 340 vmagistro
228 265 375 318 revelatam
388 271 415 319 et
426 265 545 319 fideliter
560 266 731 332 custodimus,
744 269 775 315 ut
790 263 823 315 ab
836 263 873 314 in.⁴

18 343 20 347 ι
86 352 282 423 contemptibili
302 352 452 422 dispectore
475 353 640 405 mandatam.
664 350 763 404 ¹Vobis
785 355 874 400 autem

85 441 205 493 humana
233 429 384 491 aestimatio
411 439 595 491 innocentiam
607 483 609 486 .
621 437 742 505 tradidit,
757 435 877 488 humana

85 529 152 580 item
162 526 311 579 dominatio
323 526 481 596 imperarit3
495 525 564 578 inde
577 543 627 577 nec
639 525 735 595 plenae
746 540 797 576 nee
810 521 876 575 adeo

62 613 224 666 5timendae
240 606 302 665 estis
318 612 476 682 disciplinae
495 612 529 664 ad
544 612 713 665 innocentiae
728 610 876 662 veritatem.

89 699 198 761 Quanta
219 706 259 752 est
279 699 424 769 prudentia
444 698 561 751 hominis
584 698 620 750 ad
638 696 878 750 demonstrandum

89 786 156 855 qnid
165 804 227 837 vere
236 787 359 838 bouum?
379 792 480 854 quanta
494 785 637 854 auctoritas
650 784 684 835 ad
695 782 877 853 exigendum?

88 879 145 923 tarn
165 871 214 922 illa
231 869 294 922 falli
312 869 409 937 facilis,
425 888 508 939 quam
532 871 583 922 ista
605 869 748 922 contemni.
785 868 878 936 Atque

89 956 156 1008 adeo
170 955 236 1026 quid
247 955 354 1026 plenius
367 956 471 1008 dictum
486 961 540 1008 est:
559 973 615 1007 non
630 955 743 1022 occides,
753 972 788 1006 an
800 970 878 1006 uero:
939 988 941 992 -

47 1043 81 1093 10
89 1060 124 1095 ne
150 1043 272 1114 irascaris
299 1042 426 1112 quideml
445 1046 446 1049 ’
468 1041 542 1104 Quid
565 1040 717 1112 perfectius
738 1040 880 1111 prohibere

91 1128 262 1195 aduiteram,
276 1146 312 1180 an
326 1129 408 1180 etiam
423 1129 457 1181 ab
471 1128 610 1181 oculorum
624 1128 743 1180 solitaria
757 1124 880 1197 coucupi-

91 1214 193 1265 scentia
212 1214 319 1265 arceret
358 1212 432 1274 Quid
450 1214 581 1266 eruditius
596 1214 630 1266 de
648 1213 788 1279 maleficio,
801 1231 836 1265 an
854 1218 881 1264 et

92 1299 126 1351 de
147 1299 311 1368 maleloquio
329 1299 507 1351 interdicere?
546 1297 619 1359 Quid
636 1299 798 1366 instructius,
814 1299 881 1349 111111-
934 1349 937 1352 ,

91 1385 160 1436 riam
175 1402 231 1436 non
248 1384 411 1454 permittere,
426 1387 460 1435 an
478 1384 759 1436 n'ec'ricem'inim'iae
778 1383 881 1436 sineret

50 1470 160 1523 15dum
177 1476 269 1522 tamen
288 1470 376 1522 sciatis
394 1470 465 1539 ipsas
484 1486 591 1538 quoque
605 1469 678 1539 leges
692 1475 800 1536 restrae,
813 1486 882 1538 quae

92 1556 219 1608 videntur
238 1555 272 1607 ad
287 1555 470 1626 innocentiam
487 1573 607 1624 pergere,
617 1555 652 1607 de
667 1555 759 1607 divina
769 1555 833 1626 lege
851 1561 882 1607 ut

93 1641 243 1710 antiquiore
256 1639 374 1692 formam
389 1646 539 1691 mutuatas
552 1662 555 1665 ·
568 1638 695 1693 Diximus
710 1641 766 1692 iam
779 1639 883 1693 (101110-

92 1726 127 1777 sis
149 1731 243 1777 aetate.
282 1723 337 1776 Sed
358 1731 459 1794 quanta
479 1725 626 1777 vauotoritas
644 1725 737 1796 legum
755 1723 883 1777 humana-

92 1830 162 1879 rum,
182 1829 274 1880 quum·
289 1810 359 1866 illas,
374 1817 402 1862 et
425 1811 539 1862 evadere
559 1810 665 1862 homini
692 1812 837 1881 contingat,
857 1818 884 1862 et

53 1896 253 1965 QOplerumque
268 1896 298 1946 in
313 1895 435 1946 admissis
448 1895 610 1962 delitescere,
620 1901 647 1946 et
662 1895 808 1964 aliquando
824 1913 883 1947 con-

95 1989 216 2034 temnere
242 1999 276 2032 eu
296 1969 434 2032 voluntate
455 1980 679 2032 relnecessitate
701 1980 883 2049 delinquendi,

88 2067 242 2137 recogitata
258 2066 341 2118 etiam
353 2056 483 2117 breuitate
498 2065 609 2135 suplicii,
620 2065 769 2133 cuiuslibet,
778 2083 833 2118 nou
847 2072 885 2118 ta-

87 2171 159 2205 men
172 2152 244 2204 111111
255 2158 371 2204 mortem
383 2151 549 2203 remansmil
561 2181 564 2185 Δ
587 2150 633 2203 Sic
640 2157 672 2210 et
684 2150 815 2221 Epicurus
831 2170 885 2204 om-

95 2257 158 2292 nem
174 2238 324 2290 cruciatum
337 2236 512 2307 doloremque
524 2237 664 2307 depretiat,
676 2238 816 2290 modicum
829 2239 885 2308 qui-

54 2325 158 2378 251011
186 2323 418 2393 contemptibilem
444 2323 652 2394 pronuntiando,
670 2309 801 2395 maguum
821 2343 885 2377 vero

95 2428 151 2462 non
160 2410 326 2461 diuturnum.
363 2408 509 2461 Enimvero
522 2410 630 2478 nosqui
642 2410 691 2462 sub
701 2409 751 2461 deo
764 2410 886 2462 omnium

97 2494 262 2563 speculatore
272 2494 467 2564 dispungimur,
477 2495 577 2563 quique
590 2501 726 2546 aeternam
739 2495 772 2546 ab
783 2501 814 2546 e'o
826 2513 886 2564 poe-

97 2596 162 2630 nam
174 2578 353 2648 providemus,
361 2579 458 2631 merito
471 2579 520 2631 soli
532 2580 701 2636 innocentiae
715 2580 886 2646 occurrimus,

98 2670 126 2717 et
140 2681 189 2733 pro
205 2664 331 2716 scientiae
346 2664 523 2732 plenitudine,
532 2670 627 2732 etpro
641 2663 805 2725 latebrarum
820 2663 886 2714 diffi-

54 2749 208 2817 Δ3001111111,
221 2755 248 2801 et
266 2767 314 2819 pro
333 2748 520 2820 magnitudine
539 2748 671 2804 cruciatus
686 2754 744 2803 non
756 2747 886 2816 diuturni,

98 2843 195 2888 verum
209 2834 373 2905 sempiterni,
386 2851 449 2886 eum
460 2834 593 2900 timentes,
604 2850 684 2902 quem
698 2833 794 2885 timere
809 2833 884 2892 debe·

98 2923 179 2978 bitet
191 2922 248 2992 ipse
261 2921 308 2991 qui
320 2920 445 2973 timentes
457 2918 731 2995 iudicatffdeummon
745 2938 883 2989 proconsu-

99 3010 154 3061 lem
167 2994 299 3061 timentes.
