1921 3312
370 135 572 172 Aronoenrrons.
834 122 867 172 61

78 267 171 321 thecae
182 284 244 319 cum
253 264 317 334 ipsis
326 262 469 315 Hebraicis
478 262 574 331 litteris
584 264 750 318 exhibentur.
779 263 834 318 Sed
841 271 869 317 et

78 352 173 406 ludaei
180 351 271 422 palam
277 348 416 416 lectitant,
429 349 770 422 vectigalislibertasvulgo
778 351 869 404 aditur

78 435 340 507 sabbatisomnibus.
379 433 433 496 Qui
446 435 568 502 audierit,
578 436 697 489 inveniet
709 437 805 505 denm;
822 438 868 507 qui

78 524 161 576 etiam
173 520 306 574 studuerit
319 520 478 590 intelligere,
490 527 598 591 cogetur
610 528 637 573 et
649 521 763 574 credere.

114 606 197 660 XIX.
210 606 335 659 Primam
352 606 436 677 igitur
450 607 636 659 instrumentis
655 607 712 659 istis
731 608 870 660 auctorita·
895 624 910 675 5

77 701 135 747 tem
153 711 259 746 summa
277 693 423 762 antiquitas
438 692 565 744 vindicat.
603 692 688 763 Apud
702 710 749 745 ros
764 709 870 762 quoque

78 779 216 851 religionis
228 785 268 832 est
279 780 372 847 instar,
379 777 463 830 fidem
476 778 510 831 de
522 779 687 849 temporibus
700 795 822 831 asserere.

117 865 238 935 [Primus
257 865 331 918 enirn
348 864 491 936 prophetes
506 862 621 934 Moyses,
634 865 681 934 qui
695 865 791 917 mnndi
810 883 870 918 con-

79 952 209 1005 ditionem
221 958 248 1005 ct
260 952 365 1023 generis
377 950 490 1015 humani
499 950 706 1021 pullulationem
718 957 745 1003 et
756 968 821 1003 mox
831 952 870 1002 nl-

78 1039 336 1110 tricemginiquitatis
348 1037 422 1089 ilhus
430 1037 497 1089 vaeri
509 1037 571 1088 rim⁴
579 1036 736 1106 cataclysmi
749 1036 783 1089 de
796 1050 913 1106 prae-10

79 1126 158 1178 terito
165 1127 284 1177 ‘excisus'
295 1130 342 1190 est,
354 1140 403 1193 per
414 1122 639 1174 vaticinationem
648 1107 734 1191 usdne
749 1121 784 1174 ad
796 1140 872 1174 suam

79 1216 197 1282 aetatem
209 1216 236 1262 et
249 1208 375 1278 deinceps
387 1213 490 1278 porres
502 1224 562 1260 suas
574 1206 729 1259 futurorum
741 1208 872 1278 imagines

79 1296 173 1364 edidit,
183 1313 265 1367 penes
275 1313 356 1366 quem
368 1302 395 1363 et
405 1302 559 1365 temporum
571 1293 639 1347 ordo
647 1293 764 1365 digestus
777 1295 811 1347 ab
823 1295 873 1346 ini-

79 1384 117 1435 tio
132 1382 353 1453 supputationem
371 1381 456 1435 seculi
470 1381 617 1451 praestitit:
637 1381 757 1451 superior
771 1383 873 1435 inveni-

80 1477 125 1521 tur
143 1469 219 1521 annis
239 1469 345 1522 circiter
359 1470 492 1536 trecentis,
506 1486 589 1538 quam
606 1469 654 1521 ille
673 1470 913 1538 antiquissimus15

79 1576 160 1629 penes
172 1577 218 1612 ros
227 1558 339 1612 Danaus
351 1560 381 1611 in
390 1559 467 1629 Argo
479 1558 683 1625 transvenisset,
702 1555 819 1609 Troiano
830 1555 873 1608 de-

80 1647 162 1714 nique
176 1646 278 1716 proelio
297 1647 332 1699 ad
346 1647 422 1700 mille
440 1664 524 1700 annos
542 1653 605 1700 ante
617 1652 665 1713 est,
678 1645 751 1697 unde
769 1651 797 1696 et
814 1645 872 1714 ipso

82 1731 207 1785 Saturno.
245 1733 401 1786 Secundum
416 1736 489 1787 enirn
501 1735 641 1787 historiam
653 1733 752 1801 Thalli,
766 1751 819 1802 qua
833 1751 873 1785 re-

81 1817 168 1870 latum
190 1825 230 1871 est
248 1819 349 1872 bellum
364 1819 537 1891 Assyriorum
558 1826 585 1872 et
604 1818 752 1872 Saturnum
766 1818 873 1872 Titano-

81 1922 142 1956 rum
164 1922 257 1975 regem
275 1923 338 1958 cnm
356 1904 422 1959 Iove
441 1906 588 1974 dimicasse,
604 1906 753 1958 ostenditur
770 1905 874 1957 bellum
882 1907 918 1958 20.

83 1989 212 2043 OOOXX
222 1998 249 2044 et
259 1992 354 2045 dnobis
364 1993 440 2045 annis
448 1989 569 2047 iliacum.
574 1993 686 2045 exitium
697 1992 873 2044 antecessisse.

82 2073 137 2128 Per
146 2075 219 2129 hunc
228 2076 341 2147 Moysen
351 2078 433 2130 etiam
445 2078 493 2130 illa
502 2079 548 2130 lex
559 2077 668 2148 propria
677 2076 785 2142 lud-aeis
799 2077 874 2129 adeo

82 2162 163 2214 missa
176 2169 222 2214 est.
259 2161 396 2233 Deinceps
406 2165 492 2216 multa
502 2171 529 2218 et
538 2165 585 2217 alii
594 2166 740 2236 prophetae
750 2167 874 2219 vetustio-

82 2264 125 2298 res
139 2247 236 2299 litteris
250 2249 351 2300 restris
388 2247 462 2301 Nam
481 2256 508 2302 et
526 2251 573 2318 qui
591 2251 688 2303 ultimo
707 2251 874 2317 cecinitaut

84 2331 251 2400 aliquantulo
269 2334 461 2402 praecucurrit,
476 2340 523 2386 aut
542 2342 612 2387 certe
633 2335 918 2388 concurrit‘aetatessd

84 2409 230 2487 sapientiae
257 2418 415 2486 aucteribns,
438 2420 521 2471 etiam
541 2420 672 2473 latoribus
693 2420 767 2492 legis.
809 2421 875 2492 Oyri

84 2503 157 2555 enim
176 2509 202 2555 et
216 2501 300 2555 Darii¹
309 2520 392 2574 regno
407 2503 462 2557 init
476 2504 625 2574 Zacharias,
638 2523 692 2576 quo
710 2508 740 2558 in
755 2513 875 2578 tempore

84 2587 190 2656 Thales,
200 2588 373 2659 physicorum
387 2590 678 2661 princeps,zsciscitanti
694 2592 792 2646 Oroesc
806 2593 876 2645 nihil

85 2681 189 2726 certum
202 2675 237 2727 de
250 2675 391 2728 divinitate
403 2677 680 2747 responditturbatus
693 2679 795 2732 seilicet
807 2680 877 2731 roei-

84 2758 135 2811 bus
153 2759 351 2830 prophetarum.
390 2760 473 2815 Solon
489 2763 584 2816 'eidem
602 2764 661 2835 regi
678 2763 762 2817 finem
780 2764 876 2834 longae
886 2766 920 2815 30

84 2844 157 2896 ritae
175 2845 337 2898 intuendum
354 2847 521 2916 praedicarit
539 2866 595 2901 non
617 2849 702 2917 aliter,
715 2867 797 2919 quam
817 2866 876 2917 pro-

85 2926 198 2996 phetae3
220 2931 287 2983 adeo
309 2933 409 3002 respiciv
426 2939 521 3002 potest,
536 2940 593 3000 tam
614 2936 674 2986 iura
692 2937 876 3002 restra‘quam
