1921 3312
387 151 589 189 uronoenrrocs.
850 136 884 187 55

127 279 193 333 XV.
207 278 305 331 Cetera
323 276 450 329 lasciuiae
469 278 579 349 ingenia
600 280 683 344 etiarn
702 279 885 351 voluptatibus

92 366 185 419 vestris
210 382 259 434 per
283 363 396 415 deorum
419 363 535 416 dedecus
560 372 711 434 operantur.
751 356 885 436 Dispicite

92 449 268 521 Lentulorum
284 455 311 500 et
322 446 504 500 Hostiliorum
516 456 675 518 venustates,
684 448 775 503 utrum
787 452 885 504 mimos

92 554 127 588 an
140 535 203 587 deos
213 540 314 587 vestros
322 533 352 585 in
361 535 427 586 iocis
440 541 466 587 et
476 535 590 605 strophis
602 537 723 590 rideatis:
742 537 885 590 moechum

92 620 224 688 Anubim,
241 625 268 672 et
288 620 438 672 masculum
456 619 570 688 Lunam,
586 629 613 674 et
630 620 751 674 Dianam
769 622 886 693 flagella·
912 630 926 682 5

92 716 157 775 tam,
173 713 200 759 et
214 705 287 759 lovis
302 707 403 760 mortui
418 713 610 760 testamentum
624 709 775 777 recitatum,
791 716 818 762 et
832 716 886 763 tres

92 792 225 845 Hercules
239 791 379 845 famelicos
394 793 490 846 irrisos.
530 792 584 847 Sed
600 801 627 847 et
640 794 803 848 histrionum
818 796 886 850 litte-

92 897 137 931 rae
153 887 261 932 omnem
272 877 433 932 foeditatem
446 897 540 933 eorum
552 880 701 952 designant.
738 881 825 954 Luget
839 883 886 937 Sol

92 965 180 1018 filium
192 968 321 1020 iactatum
334 966 368 1018 de
385 966 459 1019 coelo
474 967 635 1020 laetantibus
647 969 772 1036 vonisse
785 969 886 1039 Cybele

92 1061 226 1124 pastorem
253 1054 368 1122 suspirat
391 1052 570 1120 fastidiosum,
589 1071 645 1105 non
669 1049 927 1113 erubescentibuslb

93 1140 175 1192 robis.
213 1138 249 1191 Et
270 1139 404 1191 sustinetis
425 1138 498 1191 louis
520 1140 608 1210 elogia
630 1141 741 1208 cantari,
759 1147 787 1193 et
807 1138 887 1194 Iuno-

93 1243 165 1291 nem,
174 1224 320 1292 Venerem,
331 1222 484 1277 Minervam
498 1232 631 1295 apastore
645 1226 767 1279 iudicari.
805 1225 886 1295 Quid,

93 1312 165 1380 quod
181 1311 271 1381 imago
288 1310 332 1364 dei
344 1311 426 1364 vestri
440 1312 651 1382 ignominiosum
666 1319 746 1383 caput
760 1318 787 1365 et
801 1310 887 1365 famo-

93 1414 153 1448 sum
171 1398 267 1450 uestiti
287 1398 360 1468 quod
380 1415 475 1468 corpus
493 1398 631 1469 impurum
651 1404 678 1450 et
698 1398 733 1451 ad
749 1398 829 1451 istam
848 1417 888 1450 ar-

93 1489 149 1537 tem
164 1483 363 1539 effeminatione
375 1485 537 1556 productum
546 1484 700 1538 Minervam
713 1484 832 1555 aliquam
844 1483 928 1541 rel15

92 1570 241 1625 Herculem
254 1572 451 1643 repraesentati
483 1570 582 1624 Nonne
595 1571 712 1624 violatur
723 1572 848 1623 maiestas
861 1576 888 1624 et
919 1599 921 1602 ·

94 1657 221 1711 divinitas
235 1658 621 1728 constupraturplaudentibus
631 1657 722 1710 robisl
743 1651 839 1709 'Plane
848 1670 887 1709 re*

93 1743 240 1814 ligiosiores
256 1745 318 1797 estis
330 1745 359 1795 in
372 1761 461 1811 cavea,
470 1736 610 1812 ubi'super
625 1743 783 1813 sanguinem
794 1742 888 1795 huma-

93 1847 167 1898 num,
181 1848 260 1900 super
274 1830 479 1900 inquinamenta
495 1846 644 1899 poenarum
658 1828 771 1898 proinde
790 1828 888 1881 saltant

94 1915 133 1968 dii
146 1917 235 1984 vestri,
248 1923 407 1987 argumenta
422 1922 450 1968 et
461 1915 585 1968 historias
599 1915 686 1968 noxiis
699 1914 888 1981 ministrantes,
896 1920 930 1970 20

93 2002 146 2054 nisi
161 2003 233 2072 quod
252 2009 279 2055 et
293 2003 364 2073 ipsos
383 2002 446 2055 deos
461 2008 562 2055 uestros
581 2019 659 2072 saepe
677 2001 752 2055 nonii
765 2001 889 2053 induunt.

94 2086 222 2141 Vidimus
241 2089 386 2159 aliquando
406 2095 551 2142 castratum
565 2088 650 2159 Atyn,
662 2088 741 2139 illurn
758 2080 840 2163 deum
857 2105 890 2140 ex

94 2171 263 2241 Pessinunte,
276 2175 363 2243 etqui
376 2175 453 2226 viius
466 2174 584 2240 ardebat,
594 2174 743 2227 Herculem
756 2175 888 2226 induerat.

94 2254 214 2311 Risimus
231 2265 259 2311 et
272 2259 343 2311 inter
353 2258 480 2311 ludicras
490 2258 702 2311 meridianorum
717 2258 888 2311 crudelitates

94 2341 262 2396 Mercurium
283 2340 403 2396 mortuos
425 2339 542 2408 cauterio
565 2338 779 2396 erarninantern.v
809 2336 931 2397 Vidine

95 2447 155 2483 mus
167 2435 195 2482 et
204 2428 276 2482 loris
288 2427 401 2480 fratrem
413 2427 593 2498 gladiatorum
606 2422 736 2482 cadavera
748 2447 811 2482 cum
824 2431 888 2484 mal-

95 2514 138 2569 leo
152 2515 336 2569 deducentem.
375 2512 488 2583 Singula
500 2513 552 2566 ista
564 2531 688 2584 quaeque
703 2515 792 2570 adhuc
804 2516 889 2570 inves-

96 2601 182 2674 tigare
192 2602 251 2672 quis
263 2598 360 2671 possiti
392 2598 422 2652 Si
430 2598 561 2651 honorem
570 2599 722 2669 inquietant
733 2601 888 2671 divinitatis,

98 2689 121 2741 si
133 2686 279 2740 maiestatis
288 2684 401 2756 vestigia
410 2683 567 2752 obsoletant,
576 2683 610 2737 de
624 2691 782 2757 contemptu
795 2687 889 2757 utique

25 2771 26 2774 ’
99 2780 247 2842 censentur,
261 2778 318 2825 tam
334 2788 428 2824 eorum
444 2769 492 2840 qui
504 2770 642 2824 eiusmodi
657 2770 792 2841 iactitant,
807 2790 888 2843 quam
897 2775 931 2826 30

99 2877 194 2913 eorum
206 2859 304 2930 quibus
315 2848 450 2911 factitant.
487 2854 542 2909 Sed
551 2856 657 2911 ludicra
669 2858 721 2911 ista
733 2866 803 2912 sunt.
841 2857 889 2911 Oe-

99 2943 189 2998 'terum
201 2946 224 2999 si
236 2944 372 3013 adiiciam,
380 2959 448 3014 quae
457 2958 512 2994 non
524 2942 615 2996 miuus
628 2944 792 2997 conscientia
804 2944 889 2997 omni*
904 2963 905 2966 ¹
