1921 3312
299 137 300 140 ¹
333 122 377 169 'nn
396 134 574 172 srno'rnouurs.
605 138 608 142 ·
801 118 856 169 125:

63 266 129 318 deus
149 269 256 317 exactor
273 261 443 314 innocentiae
465 261 530 329 odit,
544 262 704 332 indubitate,
720 260 857 333 'quaecunss

64 370 117 422 que
136 349 265 416 condidit,
277 365 334 400 non
347 347 376 398 in
391 346 494 399 exitum
513 365 624 418 operum
643 351 746 403 constat
764 349 855 403 condi-

63 437 133 489 disse
152 452 221 504 quae
240 433 359 499 damnat,
374 431 439 484 licet
457 432 552 485 eadem
570 451 651 503 opera
668 452 717 504 per
735 452 767 487 ea
785 452 855 505 quae

64 520 187 574 condidit
205 518 434 589 administrentur,
447 518 556 586 quando
574 518 641 571 baec
659 520 694 571 sit
711 526 768 572 tota
786 523 855 574 ratio
885 578 886 582 ,

64 604 252 672 damnationis,
261 609 385 673 perversa
395 602 591 656 administratio
601 604 760 657 conditionis
770 624 786 658 a
796 624 855 659 con·
880 610 896 661 5

65 678 135 744 ditis.
172 689 230 742 Nos
248 690 340 760 igitur,
354 689 401 759 qui
420 688 470 741 deo
490 689 598 759 cognito
617 690 700 741 etiam
718 692 858 744 aemulum

64 777 121 830 eius
135 776 308 846 inspeximus,
322 776 369 845 qui
387 775 541 827 institutore
561 782 699 845 comperto
717 777 800 830 etiarn
818 778 858 829 in·

65 862 255 933 terpolatorem
273 879 330 914 una
348 860 583 931 deprehendimus,
596 879 684 933 neque
702 863 795 916 mirari
812 882 858 917 ne-

66 966 118 1018 que
131 948 254 1001 dubitare
267 953 378 1018 oportet,
391 964 475 1016 quum
487 947 577 1016 ipsum
591 947 737 1017 hominem,
748 967 814 1019 opus
829 956 857 1002 et

65 1034 213 1104 imaginem
234 1034 286 1101 dei,
301 1034 383 1086 totins
405 1033 587 1085 universitatis
609 1051 795 1103 possessorem,
808 1035 899 1089 illaltl

66 1120 106 1172 vis
121 1118 318 1188 interpolatoris
336 1123 364 1170 et
382 1116 554 1170 aemulatoris
569 1119 659 1188 angeli
678 1119 712 1171 ab
730 1119 810 1172 initio
825 1120 859 1172 de

66 1203 221 1274 integritate
248 1202 384 1270 deiecerit,
407 1204 474 1272 quin
502 1204 655 1255 universam
683 1204 859 1257 substantiam

67 1290 131 1357 eius,
144 1289 245 1359 pariter
263 1306 325 1341 cum
344 1288 402 1358 ipso
421 1289 571 1359 integritati
587 1289 747 1357 institutam,
758 1290 859 1360 pariter

68 1376 202 1445 cumipse
219 1375 250 1427 in
263 1375 467 1445 perversitatem
486 1374 632 1427 demutarit
647 1375 771 1428 adversus
785 1375 859 1428 insti·

67 1468 197 1515 tutorem:
216 1468 248 1534 ut
267 1478 349 1530 quam
367 1460 490 1513 doluerat
507 1460 612 1512 homini
630 1477 795 1528 concessam,¹
804 1469 902 1519 uon15

68 1548 126 1615 sibi,
137 1548 165 1599 in
178 1565 210 1600 ea
219 1547 277 1617 ipsa
288 1553 315 1599 et
323 1546 461 1599 hominem
474 1563 550 1598 reum
564 1546 614 1598 deo
623 1544 735 1614 faceret,
745 1554 772 1599 et
784 1564 860 1615 suam

69 1633 451 1687 dominationem·collocaret:
470 1659 473 1664 -

104 1719 158 1772 ΠΙ.
171 1718 234 1772 Hac
247 1719 410 1772 conscientia
424 1719 548 1771 instructi
563 1719 689 1772 adversus
704 1720 859 1790 opinionem

69 1806 246 1873 ethnicorum,
268 1811 456 1858 convertamur
480 1805 567 1875 magis
591 1805 627 1857 ad
647 1805 800 1858 nostrorum
821 1824 861 1859 re·
911 1798 913 1804 ’

69 1898 204 1945 tractatus.
243 1889 421 1960 Quorundam
435 1891 508 1943 enim
517 1889 584 1943 fides
597 1897 643 1942 aut
655 1891 802 1962 simplicior
815 1898 862 1944 aut
871 1899 905 1949 20

69 1977 247 2050 scrupulosior
259 1977 294 2030 ad
308 1977 380 2030 hanc
392 1976 594 2030 abdicatiOnem
602 1977 816 2046 spectaculorum
829 1978 863 2031 de

69 2064 208 2135 scripturis
230 2064 418 2119 auctoritatem
437 2063 611 2132 ‘exposcit'et
632 2080 660 2115 se
679 2063 709 2115 in
729 2063 863 2117 incertum

19 2181 22 2184 -
71 2150 217 2216 constituit,
231 2136 304 2218 quod
319 2167 374 2202 non
393 2148 578 2219 significanter
596 2166 684 2217 neque
702 2150 863 2201 nominatim
879 2189 881 2191 .
954 2143 956 2146 ⁴

71 2235 246 2288 denuntietur
260 2234 342 2303 servis
361 2234 407 2286 dei
421 2234 583 2287 abstinentia
600 2233 740 2289 eiusmodi.
776 2233 863 2286 Plane

4 2372 6 2375 .
70 2338 204 2389 nusquam
218 2320 379 2392 invenimus,
393 2319 622 2388 quemadmodum
640 2319 731 2388 aperte
745 2319 863 2388 positum
872 2324 906 2373 25

71 2413 125 2459 est:
143 2404 208 2458 Non
223 2404 335 2472 occides,
344 2422 400 2456 non
411 2403 517 2457 idolum
534 2404 612 2472 coles,
622 2422 678 2457 non
691 2404 863 2473 adulterium,

71 2509 126 2544 non
138 2490 265 2543 fraudem
278 2490 411 2543 admittes.
449 2488 493 2542 Ita
505 2497 608 2543 exserte
623 2487 781 2545 definitum:
800 2491 865 2545 Non

71 2579 101 2630 in
114 2578 215 2630 circum
224 2576 284 2644 ibis,
291 2594 347 2628 non
356 2576 386 2627 in
394 2575 546 2643 tlreatrum3
565 2577 689 2647 agonem,
698 2596 798 2650 munus
809 2597 866 2632 non

72 2664 210 2735 spectabis.
230 2661 304 2716 'Sed
318 2662 471 2734 invenimus
489 2662 525 2715 ad
538 2662 609 2715 hauc
619 2666 732 2734 ‚quoque
749 2666 866 2736 speciem
914 2704 918 2706 -

72 2752 206 2820 pertinere
223 2750 301 2802 illam
314 2749 432 2821 primam
441 2768 541 2803 ‘rocem
556 2748 657 2817 David,
669 2750 757 2818 Felix,
769 2753 865 2822 inquit,
876 2752 909 2803 30

73 2837 121 2904 qui
132 2841 192 2906 no'n
200 2837 267 2889 abiit
278 2837 308 2888 in
319 2836 467 2890 'concilium
476 2836 631 2906 impiorum,
641 2843 668 2889 et
680 2836 709 2888 in
718 2838 763 2902 via
774 2854 865 2907 pecea-

41 2982 43 2985 .
73 2927 163 2989 torum
178 2939 233 2990 non
248 2922 329 2988 stetit,
341 2926 374 2974 'et-
386 2922 418 2974 in
435 2921 562 2974 cathedra
576 2922 697 2990 pestium
714 2936 772 2974 non·
787 2918 864 2974 sedit.
