1921 3312
121 590 194 668 nn
223 567 816 675 rnsrnrouroannran.
864 653 865 656 κ
927 570 953 592 ·’

111 866 134 919 Ι.
144 866 247 938 Magna
259 869 412 921 curiositate
421 875 448 920 et
457 869 558 921 maiore
568 869 648 939 longe
657 870 788 922 memoria
800 887 866 939 opus

75 956 116 1006 est
124 953 159 1006 ad
168 953 339 1023 studendum,
350 954 372 1007 si
382 954 441 1024 quis
450 953 516 1006 velit
528 971 562 1005 ex
570 953 666 1006 litteris
678 954 866 1024 receptissimis

76 1040 227 1109 quibusque
241 1039 462 1111 philosophorum
473 1038 518 1092 vel
529 1045 670 1110 poetarum
684 1040 729 1093 vel
741 1057 866 1110 quorum-

76 1125 144 1178 libet
163 1125 299 1178 doctrinae
318 1144 350 1178 ac
367 1125 515 1195 sapientiae
534 1125 659 1193 secularis
677 1126 866 1196 magistrorum

54 1212 229 1268 5testimouia
242 1214 383 1282 excerpere
394 1210 561 1263 Christianae
570 1210 690 1263 ueritatis
698 1229 711 1281 ;¹
724 1218 754 1263 nt
767 1212 867 1264 aemuli

76 1303 310 1367 persecutoresque
329 1297 386 1349 eius
404 1296 438 1348 de
456 1313 504 1348 suo
522 1296 630 1366 proprio
644 1296 822 1349 instrumento
840 1305 868 1350 ct

77 1383 172 1436 erroris
193 1383 223 1434 in
243 1400 271 1435 se
296 1388 323 1434 et
341 1381 491 1451 iniquitatis
511 1381 541 1433 in
560 1399 609 1434 nos
629 1382 670 1434 rei
688 1383 866 1454 revincantur.

59 1469 211 1524 'Nonnulli
230 1469 348 1540 quidem,
364 1468 461 1538 quihus
482 1468 517 1520 de
537 1468 650 1538 pristina
669 1468 820 1522 litteratura
841 1476 868 1522 et

77 1558 237 1611 curiositatis
249 1557 326 1610 labor
340 1563 367 1609 et
382 1556 534 1608 memoriae.
542 1562 620 1608 tenor
633 1556 820 1625 perseveravit,
833 1556 868 1608 ad

36 1648 69 1699 10
77 1661 139 1696 eum
153 1644 264 1697 modum
283 1642 412 1714 opuscula
429 1659 511 1712 penes
528 1659 578 1695 nos
597 1642 783 1711 condiderunt,
798 1660 868 1696 corn-

76 1737 255 1783 memorantes
268 1737 295 1783 et
305 1728 528 1783 contestificantes
536 1729 567 1780 in
578 1728 685 1799 singula
696 1730 830 1782 rationem
842 1735 868 1782 et

77 1818 209 1887 originem
224 1824 250 1869 et
262 1818 437 1870 traditionem
452 1824 485 1870 et.
494 1818 687 1870 sententiarum
701 1823 868 1887 argumenta,

65 1903 126 1973 per
141 1921 210 1972 quae
224 1904 379 1974 recognosci
392 1902 483 1973 possit,
495 1903 564 1954 nihil
578 1921 626 1956 nos
645 1909 692 1955 aut
706 1901 808 1955 novum
822 1909 869 1954 aut

77 1994 262 2058 portentosum
274 1988 426 2058 suscepisse,
436 1988 537 2057 dequo
549 1976 706 2041 non'etiam
715 2005 869 2041 communes

36 2076 70 2127 15
78 2080 106 2127 et
114 2074 240 2144 publicae
249 2074 353 2127 litterae
363 2074 398 2126 ad
407 2073 566 2145 suffragium
574 2075 651 2127 nobis
660 2075 869 2144 patrocinentm,

78 2160 177 2229 siquid
190 2167 237 2213 aut
246 2160 341 2213 erroris
354 2160 482 2212 eiecimus
494 2166 542 2212 ant
551 2160 692 2229 aequitatis
705 2161 869 2214 admisimus,

79 2246 134 2299 Sed
146 2264 181 2299 ne
196 2247 250 2299 suis
265 2247 376 2316 quidem
390 2246 532 2317 magistris,
546 2246 611 2298 alias
625 2247 818 2316 probatissimis
833 2254 870 2299 at-

79 2350 132 2402 que
146 2333 304 2400 lectissimis,
313 2331 397 2385 fidem
412 2332 554 2385 inclinavit
565 2332 684 2385 humana
699 2333 734 2386 de
748 2333 870 2386 incredu-

79 2417 156 2470 litate
169 2418 276 2485 duritia,
286 2418 372 2470 sicubi
383 2418 413 2469 in
426 2424 585 2489 argumenta
598 2417 765 2471 Christianae
778 2418 871 2471 deien-

38 2506 72 2556 20
80 2504 162 2557 sionis
182 2503 354 2573 impingunt:
373 2509 439 2555 tnnc
456 2503 520 2555 uani
538 2509 640 2573 poetae,
657 2521 720 2555 cum
739 2504 803 2556 deos
822 2500 870 2555 hri-

80 2589 168 2642 manis
184 2588 351 2658 passionibus
369 2594 396 2639 et
410 2586 511 2639 fabulis
529 2588 686 2658 designant,
704 2594 770 2640 tunc
785 2588 871 2658 philo-

81 2673 158 2745 sophi
178 2673 247 2740 duri,
264 2690 327 2725 cunr
346 2672 465 2724 ueritatis
484 2670 556 2724 fores
577 2672 691 2742 pulsant.
731 2672 871 2727 Hactenus

81 2761 186 2832 sapiens
201 2766 229 2812 et
239 2758 357 2829 prudens
371 2757 522 2825 habebitur,
534 2758 581 2826 qui
592 2775 679 2828 prope.
689 2756 872 2811 Christianum

80 2845 275 2918 pronunciarit,
288 2862 358 2911 cum,
371 2843 394 2895 si
409 2842 474 2913 quid
488 2842 647 2912 prudentiae
664 2844 871 2914 antsapicntiae

81 2932 254 3001 affectaverit,
264 2949 310 2984 seu
324 2930 487 2983 ceremonias
499 2929 632 3000 despuens
644 2947 691 2982 sen
703 2930 823 2983 seculum
832 2949 872 2984 re-
