1921 3312
122 119 157 168 20
298 132 425 175 ousnrr.
438 134 513 170 ruore.
527 133 734 171 rnnrunuranus.

92 315 95 319 Α
122 277 185 313 esse.
196 266 230 312 et.
241 260 472 315 abominationem
490 262 628 331 sustinere,
638 261 834 315 exsecrationes
850 267 912 315 tuae

122 345 292 416 respondent.
328 346 513 402 Daemonium
534 367 613 402 voeas
634 350 773 403 hominem
797 355 844 402 aut
864 348 913 401 im-

122 432 258 486 munditia
275 440 323 486 aut
341 434 445 487 malitia
463 442 509 493 aut
527 435 670 488 insolentia
688 442 735 488 aut
754 453 914 506 quacunque

41 529 44 536 '
122 519 238 588 maeula,
248 537 331 590 quam
343 538 391 573 nos
401 520 549 574 daemoniis
559 522 729 592 deputamus,
741 524 811 591 [aut]
824 523 859 576 ad
870 541 914 576 ne-

99 607 276 671 5eessitatem
297 606 352 660 odii
374 607 563 677 opportunum.
603 605 732 661 Satanan}
751 609 867 680 denique
885 610 915 661 in

124 694 200 745 omni
212 693 377 746 aversatione
390 700 417 745 et
429 694 614 764 aspernatione
628 701 655 747 et
668 695 844 749 detestatione
856 713 915 766 pro-

124 780 335 851 nuntias,que1n
352 796 401 832 nos
415 779 669 834 dieimussmahtiae
687 782 821 852 angelum,
834 782 915 835 totius

125 864 221 916 erroris
248 863 387 932 artificem,
406 865 489 917 totius
515 867 599 919 seonli
623 867 849 938 interpolatorem,
867 885 927 937 per,

125 967 207 1019 quem
224 948 305 1003 homo
324 968 340 1002 a
357 950 506 1020 primordio
526 952 731 1021 circumventus,
743 961 774 1006 ut
791 971 916 1025 praeeep-

83 1049 117 1100 10
126 1042 186 1088 tum
194 1036 239 1089 dei
252 1037 400 1105 excederet,
410 1044 437 1091 et
453 1044 596 1109 propterea¹
606 1039 636 1091 in
649 1045 765 1092 mortem
777 1039 863 1107 datus,
873 1056 916 1091 ex-

126 1121 190 1174 inde
199 1128 287 1174 totum
299 1130 383 1194 genus
393 1122 427 1176 de
442 1128 489 1177 suo
503 1125 603 1177 semine
612 1123 746 1178 inieetum
758 1142 821 1177 suae
833 1125 916 1177 etiam

126 1208 308 1262 damnationis
325 1211 465 1263 traducem
481 1210 556 1265 feeit.
595 1210 683 1264 Sentis
701 1212 784 1282 igitur
801 1211 916 1281 perdito-

125 1312 185 1346 rem
202 1301 288 1347 tuum.
325 1295 362 1348 Et
376 1297 441 1350 lieet
459 1297 509 1350 soli
527 1297 607 1349 illum
624 1299 748 1350 noverint
764 1295 915 1363 Christiani,

127 1380 172 1432 vel
190 1398 366 1452 quaeeunque
388 1383 461 1453 apud
480 1383 621 1436 dominum
638 1388 718 1450 seeta,
733 1388 760 1435 et
777 1389 808 1435 tu
825 1388 917 1435 tamen

84 1474 118 1524 15
127 1484 190 1520 eum
202 1468 281 1536 nosti,
291 1468 358 1520 dum
371 1469 457 1522 odisti.
505 1490 508 1493 ·
896 1472 902 1480 ”

157 1552 218 1607 vIV.v
228 1552 298 1607 Iam
307 1559 380 1608 nune
396 1556 469 1624 quod
479 1556 519 1608 ‘ad
533 1553 917 1608 necessariorem‘sententiam

126 1646 202 1693 tuam
217 1647 326 1711 spectet,
336 1641 366 1692 in
381 1647 514 1711 quantum
529 1647 557 1694 et
572 1640 607 1693 ad
621 1640 711 1711 ipsum
725 1646 826 1693 statum
839 1646 917 1692 tuum

125 1727 222 1795 tendit,
235 1727 408 1795 affirmamus,
421 1733 449 1780 te
466 1744 577 1780 manere
594 1733 655 1797 post
669 1726 741 1779 vitae
756 1726 918 1796 dispunctio-

126 1830 199 1881 nem,
212 1819 240 1865 et
253 1820 412 1884 exspectare
428 1814 502 1866 diem
517 1812 736 1882 iudicii,proque
750 1812 853 1864 meritis
871 1819 918 1865 aut

85 1902 118 1951 20
129 1899 260 1951 erueiatui
268 1898 397 1951 destinari
407 1906 454 1951 aut
463 1897 613 1969 refrigeria
622 1904 734 1967 utroque
740 1898 904 1967 sempiterno
910 1916 917 1966 3

129 1983 226 2052 quibus
241 1984 403 2037 sustinendis
418 1984 570 2036 necessario
579 1982 631 2035 tibi
642 1983 918 2052 substantiam'pristi-

128 2085 193 2120 nam
203 2067 376 2138 eiusdemque
386 2068 502 2121 hominis
516 2059 665 2134 materiam,
674 2073 701 2119 et
710 2067 868 2119 memoriam
879 2086 919 2120 re-

128 2154 360 2224 ve1·snrarn,quod
375 2160 402 2207 et
419 2154 489 2206 nihil
508 2153 623 2206 malias
638 2141 702 2206 boni
720 2153 818 2206 sentire
835 2154 919 2224 possis

128 2239 186 2293 sine
195 2240 288 2292 earnis
302 2239 458 2311 passionalis
470 2239 609 2308 facultate,
619 2245 646 2293 et
660 2238 735 2292 nulla
749 2240 818 2293 ratio
832 2240 867 2293 sit
880 2240 919 2293 iu-

84 2328 118 2379 25
129 2325 193 2378 dieii
212 2327 269 2380 sine
280 2326 366 2397 ‘ipsius
375 2325 555 2394 exhibitione,
569 2326 616 2397 qui
635 2326 739 2379 meruit
749 2325 844 2380 iudicii
853 2344 920 2397 ’pas-

129 2411 239 2463 sionem.
275 2411 317 2464 Ea
335 2413 425 2482 opinio
442 2412 602 2480 Christiana,
615 2413 665 2478 esti
679 2411 815 2465 honestior
831 2411 919 2465 multo

130 2493 319 2567 Pythagorica,
332 2514 404 2565 quae
424 2504 452 2550 te
472 2516 529 2551 non
549 2497 579 2549 in
599 2498 698 2550 bestias
718 2495 856 2564 transfert,
870 2498 920 2550 etsi

130 2580 236 2650 plenior
244 2580 394 2649 Platonica,
401 2599 473 2650 vquae
482 2582 533 2651 tibi
543 2583 625 2634 etiam
635 2582 731 2634 dotem:
737 2582 920 2651 eorporis-red-

132 2666 180 2733 dit,
193 2666 243 2718 etsi
254 2665 389 2735 Epicurea
403 2667 513 2736 gratior,
526 2673 642 2735 quaete
652 2667 686 2717 ab
701 2667 813 2718 interitu
827 2665 920 2719 defen-

86 2750 186 2805 aedit:
205 2758 297 2804 tamen
310 2757 421 2821 propter
435 2751 522 2803 solum
536 2768 637 2803 nomen
649 2751 762 2803 vanitati
777 2757 804 2803 et
818 2753 920 2822 stupori

126 2844 166 2907 et,
176 2844 208 2891 ut
220 2838 326 2906 dieitur,
335 2836 691 2908 praesumtionideputatur.
714 2855 717 2858 ’
729 2834 784 2890 Sed
796 2854 850 2891 non
863 2855 921 2891 eru-

130 2925 271 2993 bescimus,
283 2924 305 2977 si
321 2930 414 2977 tecum
437 2924 493 2977 erit>
509 2929 599 2977 nostra
619 2924 789 2995 praesumtio.
819 2923 920 2980 ⁴Primo
