<?xml version="1.0" encoding="UTF-8"?>
<!DOCTYPE html PUBLIC "-//W3C//DTD XHTML 1.0 Transitional//EN"
    "http://www.w3.org/TR/xhtml1/DTD/xhtml1-transitional.dtd">
<html xmlns="http://www.w3.org/1999/xhtml" xml:lang="en" lang="en">
 <head>
  <title>
</title>
<meta http-equiv="Content-Type" content="text/html;charset=utf-8" />
  <meta name='ocr-system' content='tesseract 3.04.00' />
  <meta name='ocr-capabilities' content='ocr_page ocr_carea ocr_par ocr_line ocrx_word'/>
</head>
<body>
  <div class='ocr_page' id='page_1' title='image "MN41652ucmf_5_0037.png"; bbox 0 0 1921 3312; ppageno 0'>
   <div class='ocr_carea' id='block_1_1' title="bbox 403 125 908 180">
    <p class='ocr_par' dir='ltr' id='par_1_1' title="bbox 403 125 908 180">
     <span class='ocr_line' id='line_1_1' title="bbox 403 125 908 180; baseline -0.008 -2"><span class='ocrx_word' id='word_1_1' title='bbox 403 144 441 178; x_wconf 76' lang='lat' dir='ltr'>An</span> <span class='ocrx_word' id='word_1_2' title='bbox 458 143 608 180; x_wconf 78' lang='lat' dir='ltr'>nmnrrnns.</span> <span class='ocrx_word' id='word_1_3' title='bbox 751 147 753 152; x_wconf 62' lang='lat'><strong><em>¹</em></strong></span> <span class='ocrx_word' id='word_1_4' title='bbox 874 125 908 175; x_wconf 85' lang='grc'>15</span> 
     </span>
    </p>
   </div>
   <div class='ocr_carea' id='block_1_2' title="bbox 44 267 958 1627">
    <p class='ocr_par' dir='ltr' id='par_1_2' title="bbox 44 267 956 1284">
     <span class='ocr_line' id='line_1_2' title="bbox 117 267 910 337; baseline -0.009 -12"><span class='ocrx_word' id='word_1_5' title='bbox 117 272 286 325; x_wconf 87' lang='lat' dir='ltr'>bulaverunt.</span> <span class='ocrx_word' id='word_1_6' title='bbox 323 268 411 337; x_wconf 74' lang='lat' dir='ltr'>Haec,</span> <span class='ocrx_word' id='word_1_7' title='bbox 421 270 565 337; x_wconf 86' lang='lat' dir='ltr'>benedicti,</span> <span class='ocrx_word' id='word_1_8' title='bbox 577 288 631 323; x_wconf 89' lang='lat' dir='ltr'>non</span> <span class='ocrx_word' id='word_1_9' title='bbox 647 271 704 323; x_wconf 91' lang='lat' dir='ltr'>sine</span> <span class='ocrx_word' id='word_1_10' title='bbox 719 287 811 322; x_wconf 86' lang='lat' dir='ltr'>caussa</span> <span class='ocrx_word' id='word_1_11' title='bbox 826 267 910 320; x_wconf 81' lang='lat' dir='ltr'>(lomi-</span> 
     </span>
     <span class='ocr_line' id='line_1_3' title="bbox 117 354 911 422; baseline -0.008 -12"><span class='ocrx_word' id='word_1_12' title='bbox 117 374 168 410; x_wconf 89' lang='lat' dir='ltr'>nus</span> <span class='ocrx_word' id='word_1_13' title='bbox 176 357 206 407; x_wconf 90' lang='lat' dir='ltr'>in</span> <span class='ocrx_word' id='word_1_14' title='bbox 215 354 337 408; x_wconf 91' lang='lat' dir='ltr'>seculum</span> <span class='ocrx_word' id='word_1_15' title='bbox 346 354 455 407; x_wconf 77' lang='lat' dir='ltr'>admisit</span> <span class='ocrx_word' id='word_1_16' title='bbox 462 372 469 422; x_wconf 82' lang='lat'><em>3</em></span> <span class='ocrx_word' id='word_1_17' title='bbox 488 355 536 407; x_wconf 86' lang='lat' dir='ltr'>sed</span> <span class='ocrx_word' id='word_1_18' title='bbox 545 355 580 406; x_wconf 87' lang='lat' dir='ltr'>ad</span> <span class='ocrx_word' id='word_1_19' title='bbox 590 372 637 407; x_wconf 85' lang='lat' dir='ltr'>nos</span> <span class='ocrx_word' id='word_1_20' title='bbox 650 361 677 407; x_wconf 89' lang='lat' dir='ltr'>et</span> <span class='ocrx_word' id='word_1_21' title='bbox 686 373 758 407; x_wconf 87' lang='lat' dir='ltr'>nuuc</span> <span class='ocrx_word' id='word_1_22' title='bbox 771 354 911 407; x_wconf 79' lang='lat' dir='ltr'>exhortan-</span> 
     </span>
     <span class='ocr_line' id='line_1_4' title="bbox 118 438 911 507; baseline -0.004 -13"><span class='ocrx_word' id='word_1_23' title='bbox 118 443 165 495; x_wconf 88' lang='lat' dir='ltr'>dos</span> <span class='ocrx_word' id='word_1_24' title='bbox 180 441 248 494; x_wconf 87' lang='lat' dir='ltr'>etin</span> <span class='ocrx_word' id='word_1_25' title='bbox 260 439 308 492; x_wconf 91' lang='lat' dir='ltr'>illo</span> <span class='ocrx_word' id='word_1_26' title='bbox 323 440 368 492; x_wconf 90' lang='lat' dir='ltr'>die</span> <span class='ocrx_word' id='word_1_27' title='bbox 385 438 598 507; x_wconf 74' lang='lat' dir='ltr'>confundendos,</span> <span class='ocrx_word' id='word_1_28' title='bbox 611 440 634 492; x_wconf 86' lang='lat' dir='ltr'>si</span> <span class='ocrx_word' id='word_1_29' title='bbox 645 439 911 492; x_wconf 77' lang='lat' dir='ltr'>reformidaverimus</span> 
     </span>
     <span class='ocr_line' id='line_1_5' title="bbox 57 525 912 597; baseline -0.006 -17"><span class='ocrx_word' id='word_1_30' title='bbox 57 591 59 594; x_wconf 22' lang='grc' dir='ltr'>Ι</span> <span class='ocrx_word' id='word_1_31' title='bbox 117 528 175 597; x_wconf 85' lang='lat' dir='ltr'>pati</span> <span class='ocrx_word' id='word_1_32' title='bbox 188 544 237 597; x_wconf 88' lang='lat' dir='ltr'>pro</span> <span class='ocrx_word' id='word_1_33' title='bbox 252 525 366 578; x_wconf 80' lang='lat' dir='ltr'>veritate</span> <span class='ocrx_word' id='word_1_34' title='bbox 385 525 414 577; x_wconf 92' lang='lat' dir='ltr'>in</span> <span class='ocrx_word' id='word_1_35' title='bbox 433 525 555 594; x_wconf 81' lang='lat' dir='ltr'>salutem,</span> <span class='ocrx_word' id='word_1_36' title='bbox 569 543 638 595; x_wconf 90' lang='lat' dir='ltr'>quae</span> <span class='ocrx_word' id='word_1_37' title='bbox 657 525 704 577; x_wconf 90' lang='lat' dir='ltr'>alii</span> <span class='ocrx_word' id='word_1_38' title='bbox 719 525 912 578; x_wconf 80' lang='lat' dir='ltr'>affectaverunt</span> 
     </span>
     <span class='ocr_line' id='line_1_6' title="bbox 118 599 954 683; baseline -0.001 -20"><span class='ocrx_word' id='word_1_39' title='bbox 118 631 167 683; x_wconf 85' lang='lat' dir='ltr'>pro</span> <span class='ocrx_word' id='word_1_40' title='bbox 179 599 300 664; x_wconf 78' lang='lat' dir='ltr'>vanitate</span> <span class='ocrx_word' id='word_1_41' title='bbox 312 599 343 662; x_wconf 84' lang='grc'>111</span> <span class='ocrx_word' id='word_1_42' title='bbox 354 599 542 681; x_wconf 69' lang='lat' dir='ltr'>perditionem.</span> <span class='ocrx_word' id='word_1_43' title='bbox 938 614 954 663; x_wconf 91' lang='grc'>5</span> 
     </span>
     <span class='ocr_line' id='line_1_7' title="bbox 154 690 913 768; baseline -0.004 -17"><span class='ocrx_word' id='word_1_44' title='bbox 154 697 206 752; x_wconf 83' lang='lat' dir='ltr'>VI.</span> <span class='ocrx_word' id='word_1_45' title='bbox 221 690 275 751; x_wconf 68' lang='lat' dir='ltr'>secl</span> <span class='ocrx_word' id='word_1_46' title='bbox 290 698 358 750; x_wconf 85' lang='lat' dir='ltr'>haec</span> <span class='ocrx_word' id='word_1_47' title='bbox 376 697 501 768; x_wconf 85' lang='lat' dir='ltr'>exempla</span> <span class='ocrx_word' id='word_1_48' title='bbox 522 697 686 750; x_wconf 77' lang='lat' dir='ltr'>constantiae</span> <span class='ocrx_word' id='word_1_49' title='bbox 707 697 861 749; x_wconf 85' lang='lat' dir='ltr'>omittamus</span> <span class='ocrx_word' id='word_1_50' title='bbox 879 696 913 748; x_wconf 89' lang='lat' dir='ltr'>de</span> 
     </span>
     <span class='ocr_line' id='line_1_8' title="bbox 120 777 915 852; baseline -0.005 -16"><span class='ocrx_word' id='word_1_51' title='bbox 120 782 289 837; x_wconf 80' lang='lat' dir='ltr'>affectatione</span> <span class='ocrx_word' id='word_1_52' title='bbox 306 783 446 836; x_wconf 79' lang='lat' dir='ltr'>venientis,</span> <span class='ocrx_word' id='word_1_53' title='bbox 485 781 682 835; x_wconf 80' lang='lat' dir='ltr'>Convertamur</span> <span class='ocrx_word' id='word_1_54' title='bbox 700 782 735 835; x_wconf 87' lang='lat' dir='ltr'>ad</span> <span class='ocrx_word' id='word_1_55' title='bbox 749 777 836 852; x_wconf 85' lang='lat' dir='ltr'>ipsam</span> <span class='ocrx_word' id='word_1_56' title='bbox 855 799 915 834; x_wconf 92' lang='lat' dir='ltr'>con-</span> 
     </span>
     <span class='ocr_line' id='line_1_9' title="bbox 120 868 915 939; baseline -0.004 -17"><span class='ocrx_word' id='word_1_57' title='bbox 120 870 229 923; x_wconf 90' lang='lat' dir='ltr'>ditionis</span> <span class='ocrx_word' id='word_1_58' title='bbox 243 870 378 923; x_wconf 89' lang='lat' dir='ltr'>humanae</span> <span class='ocrx_word' id='word_1_59' title='bbox 395 868 658 939; x_wconf 80' lang='lat' dir='ltr'>contemplationem,</span> <span class='ocrx_word' id='word_1_60' title='bbox 669 872 699 920; x_wconf 87' lang='lat' dir='ltr'>ut</span> <span class='ocrx_word' id='word_1_61' title='bbox 713 877 741 921; x_wconf 88' lang='lat' dir='ltr'>et</span> <span class='ocrx_word' id='word_1_62' title='bbox 752 868 800 920; x_wconf 94' lang='lat' dir='ltr'>illa</span> <span class='ocrx_word' id='word_1_63' title='bbox 814 868 915 921; x_wconf 75' lang='grc'>’1101111-</span> 
     </span>
     <span class='ocr_line' id='line_1_10' title="bbox 120 951 915 1026; baseline -0.004 -18"><span class='ocrx_word' id='word_1_64' title='bbox 120 962 231 1024; x_wconf 80' lang='lat' dir='ltr'>struant,</span> <span class='ocrx_word' id='word_1_65' title='bbox 239 957 262 1009; x_wconf 88' lang='lat' dir='ltr'>si</span> <span class='ocrx_word' id='word_1_66' title='bbox 272 974 326 1026; x_wconf 89' lang='lat' dir='ltr'>qua</span> <span class='ocrx_word' id='word_1_67' title='bbox 339 951 492 1010; x_wconf 71' lang='lat' dir='ltr'>constanter</span> <span class='ocrx_word' id='word_1_68' title='bbox 504 955 629 1007; x_wconf 87' lang='lat' dir='ltr'>adeunda</span> <span class='ocrx_word' id='word_1_69' title='bbox 639 955 699 1022; x_wconf 78' lang='lat' dir='ltr'>sint,</span> <span class='ocrx_word' id='word_1_70' title='bbox 708 972 777 1024; x_wconf 87' lang='lat' dir='ltr'>quae</span> <span class='ocrx_word' id='word_1_71' title='bbox 787 961 814 1006; x_wconf 91' lang='lat' dir='ltr'>et</span> <span class='ocrx_word' id='word_1_72' title='bbox 822 954 915 1006; x_wconf 82' lang='lat' dir='ltr'>invitis</span> 
     </span>
     <span class='ocr_line' id='line_1_11' title="bbox 120 1039 956 1102; baseline -0.002 -8"><span class='ocrx_word' id='word_1_73' title='bbox 120 1042 227 1094; x_wconf 82' lang='lat' dir='ltr'>evenire</span> <span class='ocrx_word' id='word_1_74' title='bbox 241 1049 443 1095; x_wconf 78' lang='lat' dir='ltr'>consueverunt.</span> <span class='ocrx_word' id='word_1_75' title='bbox 480 1039 612 1102; x_wconf 74' lang='lat' dir='ltr'>Quotiens</span> <span class='ocrx_word' id='word_1_76' title='bbox 625 1040 698 1092; x_wconf 92' lang='lat' dir='ltr'>enim</span> <span class='ocrx_word' id='word_1_77' title='bbox 706 1039 833 1092; x_wconf 85' lang='lat' dir='ltr'>incendia</span> <span class='ocrx_word' id='word_1_78' title='bbox 841 1040 956 1093; x_wconf 78' lang='grc'>11110110</span> 
     </span>
     <span class='ocr_line' id='line_1_12' title="bbox 121 1124 916 1197; baseline -0.003 -18"><span class='ocrx_word' id='word_1_79' title='bbox 121 1128 324 1180; x_wconf 78' lang='lat' dir='ltr'>cremaveruntl</span> <span class='ocrx_word' id='word_1_80' title='bbox 343 1128 466 1197; x_wconf 82' lang='lat' dir='ltr'>quotiens</span> <span class='ocrx_word' id='word_1_81' title='bbox 475 1125 550 1179; x_wconf 77' lang='lat' dir='ltr'>ferae</span> <span class='ocrx_word' id='word_1_82' title='bbox 563 1132 591 1196; x_wconf 85' lang='lat' dir='ltr'>et</span> <span class='ocrx_word' id='word_1_83' title='bbox 600 1125 630 1176; x_wconf 91' lang='lat' dir='ltr'>in</span> <span class='ocrx_word' id='word_1_84' title='bbox 639 1124 713 1177; x_wconf 89' lang='lat' dir='ltr'>silvis</span> <span class='ocrx_word' id='word_1_85' title='bbox 725 1125 779 1178; x_wconf 88' lang='lat' dir='ltr'>suis</span> <span class='ocrx_word' id='word_1_86' title='bbox 789 1131 816 1177; x_wconf 88' lang='lat' dir='ltr'>et</span> <span class='ocrx_word' id='word_1_87' title='bbox 824 1125 853 1176; x_wconf 91' lang='lat' dir='ltr'>in</span> <span class='ocrx_word' id='word_1_88' title='bbox 862 1142 916 1177; x_wconf 90' lang='lat' dir='ltr'>me-</span> 
     </span>
     <span class='ocr_line' id='line_1_13' title="bbox 44 1210 934 1284; baseline -0.002 -19"><span class='ocrx_word' id='word_1_89' title='bbox 44 1210 46 1213; x_wconf 44' lang='lat'><strong>⁴</strong></span> <span class='ocrx_word' id='word_1_90' title='bbox 122 1213 173 1265; x_wconf 84' lang='lat' dir='ltr'>diis</span> <span class='ocrx_word' id='word_1_91' title='bbox 185 1213 338 1266; x_wconf 85' lang='lat' dir='ltr'>civitatibus</span> <span class='ocrx_word' id='word_1_92' title='bbox 350 1213 456 1284; x_wconf 82' lang='lat' dir='ltr'>elapsae</span> <span class='ocrx_word' id='word_1_93' title='bbox 470 1214 558 1266; x_wconf 79' lang='lat' dir='ltr'>caveis</span> <span class='ocrx_word' id='word_1_94' title='bbox 569 1212 692 1266; x_wconf 87' lang='lat' dir='ltr'>homines</span> <span class='ocrx_word' id='word_1_95' title='bbox 705 1212 916 1265; x_wconf 73' lang='lat' dir='ltr'>devoraveruntl</span> <span class='ocrx_word' id='word_1_96' title='bbox 932 1222 934 1227; x_wconf 76' lang='grc'>’</span> 
     </span>
    </p>

    <p class='ocr_par' dir='ltr' id='par_1_3' title="bbox 63 1298 958 1627">
     <span class='ocr_line' id='line_1_14' title="bbox 63 1298 917 1367; baseline 0 -17"><span class='ocrx_word' id='word_1_97' title='bbox 63 1310 66 1313; x_wconf 75' lang='grc'>’</span> <span class='ocrx_word' id='word_1_98' title='bbox 122 1305 188 1367; x_wconf 90' lang='lat' dir='ltr'>quot</span> <span class='ocrx_word' id='word_1_99' title='bbox 202 1317 218 1351; x_wconf 92' lang='lat' dir='ltr'>a</span> <span class='ocrx_word' id='word_1_100' title='bbox 232 1298 381 1352; x_wconf 82' lang='lat' dir='ltr'>latronibus</span> <span class='ocrx_word' id='word_1_101' title='bbox 396 1298 477 1367; x_wconf 75' lang='lat' dir='ltr'>ferro,</span> <span class='ocrx_word' id='word_1_102' title='bbox 493 1301 527 1353; x_wconf 93' lang='lat' dir='ltr'>ab</span> <span class='ocrx_word' id='word_1_103' title='bbox 541 1299 663 1353; x_wconf 88' lang='lat' dir='ltr'>hostibus</span> <span class='ocrx_word' id='word_1_104' title='bbox 680 1299 763 1352; x_wconf 85' lang='lat' dir='ltr'>etiam</span> <span class='ocrx_word' id='word_1_105' title='bbox 778 1316 857 1351; x_wconf 87' lang='lat' dir='ltr'>cruce</span> <span class='ocrx_word' id='word_1_106' title='bbox 873 1315 917 1350; x_wconf 83' lang='lat' dir='ltr'>ex-</span> 
     </span>
     <span class='ocr_line' id='line_1_15' title="bbox 121 1384 917 1455; baseline -0.003 -18"><span class='ocrx_word' id='word_1_107' title='bbox 121 1385 200 1437; x_wconf 84' lang='lat' dir='ltr'>tincti</span> <span class='ocrx_word' id='word_1_108' title='bbox 218 1391 289 1452; x_wconf 86' lang='lat' dir='ltr'>sunt,</span> <span class='ocrx_word' id='word_1_109' title='bbox 302 1385 366 1438; x_wconf 87' lang='lat' dir='ltr'>torti</span> <span class='ocrx_word' id='word_1_110' title='bbox 382 1385 465 1455; x_wconf 85' lang='lat' dir='ltr'>prius,</span> <span class='ocrx_word' id='word_1_111' title='bbox 477 1385 534 1438; x_wconf 85' lang='lat' dir='ltr'>imo</span> <span class='ocrx_word' id='word_1_112' title='bbox 552 1392 580 1438; x_wconf 87' lang='lat' dir='ltr'>et</span> <span class='ocrx_word' id='word_1_113' title='bbox 598 1386 674 1438; x_wconf 90' lang='lat' dir='ltr'>omni</span> <span class='ocrx_word' id='word_1_114' title='bbox 692 1384 856 1439; x_wconf 87' lang='lat' dir='ltr'>contumelia</span> <span class='ocrx_word' id='word_1_115' title='bbox 874 1401 917 1436; x_wconf 84' lang='lat' dir='ltr'>ex-</span> 
     </span>
     <span class='ocr_line' id='line_1_16' title="bbox 122 1467 958 1542; baseline 0 -20"><span class='ocrx_word' id='word_1_116' title='bbox 122 1471 233 1540; x_wconf 76' lang='lat' dir='ltr'>punctil</span> <span class='ocrx_word' id='word_1_117' title='bbox 263 1469 354 1523; x_wconf 84' lang='lat' dir='ltr'>Nemo</span> <span class='ocrx_word' id='word_1_118' title='bbox 363 1489 419 1523; x_wconf 90' lang='lat' dir='ltr'>non</span> <span class='ocrx_word' id='word_1_119' title='bbox 431 1472 514 1537; x_wconf 86' lang='lat' dir='ltr'>etiam</span> <span class='ocrx_word' id='word_1_120' title='bbox 522 1471 640 1524; x_wconf 88' lang='lat' dir='ltr'>hominis</span> <span class='ocrx_word' id='word_1_121' title='bbox 654 1467 745 1525; x_wconf 88' lang='lat' dir='ltr'>caussa</span> <span class='ocrx_word' id='word_1_122' title='bbox 756 1471 814 1542; x_wconf 89' lang='lat' dir='ltr'>pati</span> <span class='ocrx_word' id='word_1_123' title='bbox 822 1475 916 1541; x_wconf 85' lang='lat' dir='ltr'>potest,</span> <span class='ocrx_word' id='word_1_124' title='bbox 924 1472 958 1522; x_wconf 82' lang='lat'>15</span> 
     </span>
     <span class='ocr_line' id='line_1_17' title="bbox 123 1556 917 1627; baseline 0.001 -20"><span class='ocrx_word' id='word_1_125' title='bbox 123 1556 235 1625; x_wconf 68' lang='lat' dir='ltr'>quod‘in</span> <span class='ocrx_word' id='word_1_126' title='bbox 247 1574 339 1608; x_wconf 88' lang='lat' dir='ltr'>caussa</span> <span class='ocrx_word' id='word_1_127' title='bbox 352 1557 396 1625; x_wconf 80' lang='lat' dir='ltr'>¹clei</span> <span class='ocrx_word' id='word_1_128' title='bbox 408 1557 465 1627; x_wconf 90' lang='lat' dir='ltr'>pati</span> <span class='ocrx_word' id='word_1_129' title='bbox 477 1557 591 1610; x_wconf 87' lang='lat' dir='ltr'>dubitat.</span> <span class='ocrx_word' id='word_1_130' title='bbox 605 1578 608 1605; x_wconf 89' lang='lat'><strong><em>:</em></strong></span> <span class='ocrx_word' id='word_1_131' title='bbox 628 1558 676 1611; x_wconf 76' lang='lat' dir='ltr'>Ad</span> <span class='ocrx_word' id='word_1_132' title='bbox 685 1558 736 1611; x_wconf 89' lang='lat' dir='ltr'>hoc</span> <span class='ocrx_word' id='word_1_133' title='bbox 750 1557 861 1627; x_wconf 86' lang='lat' dir='ltr'>quidem</span> <span class='ocrx_word' id='word_1_134' title='bbox 875 1556 917 1609; x_wconf 78' lang='lat' dir='ltr'>vel</span> 
     </span>
    </p>
   </div>
   <div class='ocr_carea' id='block_1_3' title="bbox 58 1642 960 2055">
    <p class='ocr_par' dir='ltr' id='par_1_4' title="bbox 123 1642 917 1882">
     <span class='ocr_line' id='line_1_18' title="bbox 123 1642 916 1712; baseline 0 -18"><span class='ocrx_word' id='word_1_135' title='bbox 123 1642 273 1711; x_wconf 81' lang='lat' dir='ltr'>praeseutia</span> <span class='ocrx_word' id='word_1_136' title='bbox 293 1642 371 1694; x_wconf 84' lang='lat' dir='ltr'>nobis</span> <span class='ocrx_word' id='word_1_137' title='bbox 391 1647 514 1711; x_wconf 87' lang='lat' dir='ltr'>tempora</span> <span class='ocrx_word' id='word_1_138' title='bbox 535 1642 698 1695; x_wconf 89' lang='lat' dir='ltr'>documenta</span> <span class='ocrx_word' id='word_1_139' title='bbox 720 1643 781 1710; x_wconf 78' lang='lat' dir='ltr'>sint,</span> <span class='ocrx_word' id='word_1_140' title='bbox 799 1649 916 1712; x_wconf 90' lang='lat' dir='ltr'>quantae</span> 
     </span>
     <span class='ocr_line' id='line_1_19' title="bbox 124 1726 917 1798; baseline 0 -20"><span class='ocrx_word' id='word_1_141' title='bbox 124 1726 270 1796; x_wconf 87' lang='lat' dir='ltr'>qualesque</span> <span class='ocrx_word' id='word_1_142' title='bbox 284 1729 412 1796; x_wconf 79' lang='lat' dir='ltr'>personae</span> <span class='ocrx_word' id='word_1_143' title='bbox 424 1727 577 1797; x_wconf 86' lang='lat' dir='ltr'>inopinatos</span> <span class='ocrx_word' id='word_1_144' title='bbox 591 1728 726 1780; x_wconf 87' lang='lat' dir='ltr'>natalibus</span> <span class='ocrx_word' id='word_1_145' title='bbox 740 1734 768 1780; x_wconf 90' lang='lat' dir='ltr'>et</span> <span class='ocrx_word' id='word_1_146' title='bbox 780 1727 917 1798; x_wconf 84' lang='lat' dir='ltr'>dignitati-</span> 
     </span>
     <span class='ocr_line' id='line_1_20' title="bbox 123 1812 917 1882; baseline -0.001 -17"><span class='ocrx_word' id='word_1_147' title='bbox 123 1814 174 1866; x_wconf 89' lang='lat' dir='ltr'>bus</span> <span class='ocrx_word' id='word_1_148' title='bbox 193 1818 220 1864; x_wconf 90' lang='lat' dir='ltr'>et</span> <span class='ocrx_word' id='word_1_149' title='bbox 239 1812 392 1882; x_wconf 86' lang='lat' dir='ltr'>corporibus</span> <span class='ocrx_word' id='word_1_150' title='bbox 411 1818 439 1865; x_wconf 92' lang='lat' dir='ltr'>et</span> <span class='ocrx_word' id='word_1_151' title='bbox 457 1813 662 1866; x_wconf 83' lang='lat' dir='ltr'>aetatibus-suis</span> <span class='ocrx_word' id='word_1_152' title='bbox 682 1813 768 1866; x_wconf 76' lang='lat' dir='ltr'>exitus</span> <span class='ocrx_word' id='word_1_153' title='bbox 786 1812 917 1877; x_wconf 80' lang='lat' dir='ltr'>referunt,</span> 
     </span>
    </p>

    <p class='ocr_par' dir='ltr' id='par_1_5' title="bbox 58 1897 960 2055">
     <span class='ocr_line' id='line_1_21' title="bbox 58 1897 960 1969; baseline 0.003 -19"><span class='ocrx_word' id='word_1_154' title='bbox 58 1939 61 1943; x_wconf 85' lang='lat'><strong>.</strong></span> <span class='ocrx_word' id='word_1_155' title='bbox 124 1897 241 1952; x_wconf 87' lang='lat' dir='ltr'>hominis</span> <span class='ocrx_word' id='word_1_156' title='bbox 258 1915 363 1951; x_wconf 88' lang='lat' dir='ltr'>caussa:</span> <span class='ocrx_word' id='word_1_157' title='bbox 383 1904 438 1951; x_wconf 83' lang='lat' dir='ltr'>aut</span> <span class='ocrx_word' id='word_1_158' title='bbox 447 1899 481 1951; x_wconf 89' lang='lat' dir='ltr'>ab</span> <span class='ocrx_word' id='word_1_159' title='bbox 495 1899 562 1969; x_wconf 80' lang='lat' dir='ltr'>ipso,</span> <span class='ocrx_word' id='word_1_160' title='bbox 575 1899 597 1951; x_wconf 92' lang='lat' dir='ltr'>si</span> <span class='ocrx_word' id='word_1_161' title='bbox 612 1906 705 1952; x_wconf 86' lang='lat' dir='ltr'>contra</span> <span class='ocrx_word' id='word_1_162' title='bbox 719 1917 783 1952; x_wconf 91' lang='lat' dir='ltr'>eum</span> <span class='ocrx_word' id='word_1_163' title='bbox 794 1898 917 1967; x_wconf 76' lang='lat' dir='ltr'>fecerint,</span> <span class='ocrx_word' id='word_1_164' title='bbox 926 1903 960 1953; x_wconf 78' lang='lat'>20</span> 
     </span>
     <span class='ocr_line' id='line_1_22' title="bbox 126 1982 749 2055; baseline 0.003 -19"><span class='ocrx_word' id='word_1_165' title='bbox 126 1989 173 2037; x_wconf 91' lang='lat' dir='ltr'>aut</span> <span class='ocrx_word' id='word_1_166' title='bbox 185 1984 219 2036; x_wconf 92' lang='lat' dir='ltr'>ab</span> <span class='ocrx_word' id='word_1_167' title='bbox 233 1982 389 2042; x_wconf 85' lang='lat' dir='ltr'>adversariis</span> <span class='ocrx_word' id='word_1_168' title='bbox 402 1983 466 2052; x_wconf 82' lang='lat' dir='ltr'>eius,</span> <span class='ocrx_word' id='word_1_169' title='bbox 479 1984 502 2048; x_wconf 84' lang='lat' dir='ltr'>si</span> <span class='ocrx_word' id='word_1_170' title='bbox 513 2001 562 2055; x_wconf 87' lang='lat' dir='ltr'>pro</span> <span class='ocrx_word' id='word_1_171' title='bbox 575 2001 607 2037; x_wconf 88' lang='lat' dir='ltr'>eo</span> <span class='ocrx_word' id='word_1_172' title='bbox 619 1985 749 2038; x_wconf 88' lang='lat' dir='ltr'>steterint.</span> 
     </span>
    </p>
   </div>
   <div class='ocr_carea' id='block_1_4' title="bbox 0 0 981 3312">
    <p class='ocr_par' dir='ltr' id='par_1_6' title="bbox 0 0 981 3312">
     <span class='ocr_line' id='line_1_23' title="bbox 0 0 981 3312; baseline 0 0"><span class='ocrx_word' id='word_1_173' title='bbox 0 0 981 3312; x_wconf 95' lang='lat' dir='ltr'> </span> 
     </span>
    </p>
   </div>
  </div>
 </body>
</html>
