1921 3312
294 138 295 141 ’
361 145 398 179 nn
416 143 595 181 srnornoums.
766 155 768 157 v
823 125 875 176 149

84 290 133 326 nos
145 289 252 344 agones,
261 271 291 323 in
304 270 644 341 quibusipsicoronamur.
680 271 732 326 Vis
745 275 837 339 autem
850 274 877 321 et

28 353 30 356 ¹
85 359 222 429 sanguinis
235 356 339 426 aliquid
349 359 358 411 t
368 355 459 408 habes
472 354 579 409 Christi.

121 443 217 496 XXX.
231 441 319 504 erale
338 448 429 495 autem
447 443 630 513 spectaculum
648 445 677 496 in
695 443 818 514 proximo
837 448 877 496 est
900 491 902 495 ,

86 531 217 582 adventus
230 528 334 581 domini
342 529 398 580 iam
410 528 563 597 indubitati,
574 530 630 581 iarn
642 530 758 599 superbi,
768 531 823 582 iam
832 530 877 583 tri-

86 614 256 685 umphantis!
276 632 345 684 quae
354 614 402 667 illa
415 614 555 667 exsultatio
568 615 811 685 angelorum,quae
823 617 878 687 glo·
904 621 919 673 5
947 663 949 666 Α

86 703 127 754 ria
144 702 343 772 resurgentium
362 702 529 755 sanctorum!
549 701 629 771 quale
649 719 764 772 regnum
783 702 879 754 exinde

79 788 231 840 iustorum!
249 788 337 858 qualis
350 788 443 841 civitas
455 805 526 858 nova
535 786 722 841 Hierusalem!
753 788 793 840 At
806 789 879 840 euim

87 880 229 943 supersunt
247 873 301 926 alia
319 874 480 944 spectacula,
493 873 541 927 ille
559 874 671 928 ultimus
690 883 717 929 et
734 882 879 947 perpetuus

87 960 182 1012 iudicii
203 960 267 1028 dies,
284 960 331 1012 ille
353 961 506 1013 nationibus
526 961 684 1031 insperatus,
699 962 746 1014 ille
768 961 878 1027 derisus,

88 1064 150 1098 cum
164 1051 240 1096 tanta
258 1044 342 1097 seculi
356 1051 473 1097 vetustas
489 1052 516 1099 et
531 1052 572 1097 tot
586 1047 643 1097 eius
656 1047 810 1098 nativitates
824 1063 878 1096 uno
888 1053 922 1103 10

87 1133 150 1202 igne
159 1131 324 1183 haurientnr.
353 1129 430 1191 Quae
440 1138 504 1184 tunc
515 1133 662 1202 spectaculi
670 1131 798 1184 latitudo!
812 1131 879 1201 ‘quid

89 1216 223 1269 admirer?
243 1216 309 1285 quid
323 1216 447 1270 rideamt
462 1218 510 1270 ubi
524 1218 667 1289 gaudeam,
680 1218 727 1271 ubi
742 1217 880 1284 exsultem,

89 1308 212 1373 spectans
230 1308 270 1354 tot
288 1320 320 1354 ac
339 1309 426 1356 tantos
445 1321 529 1375 regeS,
544 1305 591 1375 qui
609 1305 638 1376 in
658 1304 762 1357 coelum
780 1305 881 1375 recepti

88 1389 292 1457 nuntiabantur,
306 1407 369 1442 curn
384 1390 442 1461 ipso
457 1389 524 1443 love
539 1398 566 1444 et
580 1391 643 1462 ipsis
657 1392 711 1444 suis
726 1392 837 1444 testibus
851 1388 880 1443 iu

88 1476 151 1528 imis
165 1475 283 1527 tenebris
298 1477 542 1547 congemiscentest
560 1477 627 1530 item
641 1477 784 1548 praesides,
796 1494 881 1548 perse·
890 1486 925 1539 15

90 1570 195 1617 autores
209 1563 339 1617 dominici
354 1565 471 1617 nominis
486 1565 649 1617 saevioribus
663 1563 787 1633 flammis,
800 1581 882 1635 quam

89 1652 142 1723 ipsi
163 1651 315 1705 saevierunt
335 1651 526 1704 insultantibus
549 1658 641 1704 contra
663 1649 835 1718 Christianos,
851 1651 881 1702 li·
935 1692 936 1695 ,

91 1742 265 1809 quescentest
285 1744 423 1809 praeterea
438 1737 569 1806 sapientes
581 1737 642 1788 illos
654 1734 825 1806 philosophos
840 1753 882 1788 co-

91 1843 150 1878 ram
163 1824 301 1895 discipulis
314 1825 368 1877 suis
382 1841 437 1875 una
447 1821 678 1893 'conflagrantibus
690 1823 882 1889 erubescentes,

91 1913 189 1982 quibus
211 1911 281 1964 nihil
301 1911 336 1964 ad
356 1910 439 1963 deum
459 1909 592 1979 pertinere
614 1908 768 1975 suadebant,
786 1909 927 1978 quibus20

92 1998 195 2051 animas
208 2004 255 2051 aut
266 1997 355 2050 nullas
368 2004 482 2050 autnon
496 1996 524 2047 in
537 1995 651 2065 pristina
663 2011 774 2063 corpora
786 1993 884 2049 reditu-

91 2102 134 2137 ras
153 2085 340 2138 affirmabant
360 2085 443 2137 etiam
458 2089 549 2154 poetas
568 2099 622 2134 non
642 2080 677 2133 ad
692 2079 884 2147 Rhadamanti,

91 2189 142 2224 neo
157 2172 192 2225 ad
205 2171 313 2240 Minois,
327 2171 373 2225 sed
389 2171 424 2224 ad
438 2169 571 2241 inopinati
585 2167 686 2220 Christi
700 2166 818 2219 tribunal
830 2166 885 2236 pal-

91 2257 226 2326 pitantest
264 2256 342 2310 Tunc
354 2257 441 2328 magis
454 2255 576 2327 tragoedi
590 2252 726 2319 audiendi,
736 2253 822 2322 magis
836 2252 885 2304 sci-

91 2342 156 2396 licet
169 2343 274 2396 vocales
289 2345 318 2396 in
332 2362 379 2397 sua
393 2343 502 2414 propria
518 2341 686 2406 calamitate3
704 2346 770 2390 tunc
779 2337 884 2390 histrio·
893 2342 927 2395 25

92 2445 139 2481 nes
161 2430 340 2500 cognoscendi
360 2430 500 2483 solutiores
519 2427 604 2480 multo
625 2445 674 2496 per
692 2426 800 2496 ignem,
819 2430 884 2476 tunc

33 2585 35 2588 y
92 2515 253 2586 spectandus
266 2516 360 2586 auriga
369 2515 398 2566 in
408 2513 533 2566 flammea
542 2520 601 2566 rota
610 2519 681 2566 totus
692 2513 791 2565 rubens
798 2530 805 2579 ;
819 2517 885 2563 tunc

92 2601 189 2672 xystici
207 2601 410 2671 contemplandi
426 2618 480 2653 non
497 2601 526 2651 in
544 2601 698 2671 gymnasiis,
717 2599 765 2653 sed
779 2599 808 2650 in
822 2598 885 2668 igue

93 2687 274 2754 iaculati-nisi
286 2687 359 2756 quod
372 2704 423 2739 nec
438 2693 503 2738 tunc
515 2686 626 2755 quidem
638 2686 700 2739 illos
712 2686 796 2739 velim
808 2684 884 2750 visos,
954 2683 955 2686 ’

74 2815 75 2818 ,
93 2778 124 2823 ut
137 2772 184 2840 qui
196 2772 292 2824 malim
307 2773 342 2824 ad
357 2790 402 2825 eos
416 2772 505 2841 potius
520 2779 693 2842 conspectum
705 2770 884 2824 insatiabilem
894 2771 928 2821 30

94 2855 226 2922 conferre,
234 2858 282 2926 qui
291 2857 320 2907 in
332 2857 474 2909 dominum
486 2857 679 2909 desaevierunt.
713 2856 769 2908 Hic
781 2862 820 2908 est
829 2855 884 2921 ille,

94 2938 192 3006 dicam,
204 2938 277 2992 fabri
293 2947 341 2993 aut
355 2942 539 3010 quaestuariae
554 2939 634 3007 filius,
648 2941 752 2993 sabbati
767 2939 883 2992 destruc-
