1921 3312
92 117 145 166 104
266 132 308 173 ou.
323 131 392 166 sarr.
406 130 481 166 raon.
495 131 702 167 rnnruammrus.

91 275 148 309 rem
169 257 252 326 patris
274 257 338 324 eius,
355 258 418 326 quia
437 256 576 311 Socratem
596 258 697 329 Apollo
719 257 880 328 sapientissi-

90 342 409 395 mumomniumcccinit.
439 343 627 414 OApollinem
635 342 877 398 inconsideratum!

91 426 245 496 Sapientiae
257 428 443 480 testimonium
455 430 575 482 reddidit
590 431 616 483 ei
627 430 694 499 viro,
705 431 752 500 qui
763 432 880 501 negabat

91 514 154 565 deos
167 532 230 566 esse.
268 514 302 566 ln
316 521 447 584 quantum
460 516 553 567 odium
561 515 772 586 fiagratheritas
782 519 811 569 in
823 524 880 569 tan-

67 605 150 656 5tum
169 601 217 670 qui
237 618 297 652 eam
319 618 353 652 ex
371 599 425 653 lide
443 608 562 671 praestat
580 600 707 671 offendit3
726 604 772 673 qui
791 610 881 656 autem

92 685 227 738 adulterat
249 693 276 737 et
295 684 411 752 affectat,
423 685 475 738 hcc
497 687 614 739 maxime
635 689 745 740 nomine
765 690 881 759 gratiam

91 771 186 840 pangit
199 770 271 840 apud
280 771 452 822 insectatores
466 772 593 839 veritatis⁷
606 775 671 842 [qua
683 781 711 826 et
721 774 842 827 illusores
854 781 881 826 et

92 857 290 921 contemtores}
328 854 440 907 Mimice
465 856 617 928 philosophi
640 857 769 911 affectant
786 860 881 911 verita-

91 947 147 992 tem
165 946 192 992 et
207 938 358 992 affectando
379 948 561 1016 corrumpunt,
573 950 604 995 ut
623 943 670 1012 qui
688 944 803 1014 gloriam
822 962 881 1014 cap-

49 1032 83 1083 10
92 1032 165 1078 tant:
185 1025 331 1078 Christiani
346 1044 408 1078 eam
421 1029 570 1081 necessario
589 1035 720 1100 appetunt
735 1036 762 1081 et
776 1031 881 1101 integre

93 1120 236 1184 praestant,
248 1121 278 1166 ut
291 1114 338 1183 qui
350 1114 430 1166 saluti
442 1132 505 1167 suae
518 1122 619 1168 curant.
655 1116 735 1168 Adeo
748 1133 835 1185 neque
848 1116 881 1168 de

93 1202 205 1254 scicntia
225 1218 314 1271 neque
335 1201 369 1252 de
390 1201 538 1270 disciplina,
554 1208 585 1254 ut
604 1203 712 1272 putatis,
728 1220 882 1271 aequamur·

94 1285 169 1348 Quid
187 1287 261 1339 enim
280 1286 379 1339 Thales
397 1286 445 1338 illc
465 1287 589 1357 princeps
607 1286 779 1357 physicorum
797 1288 882 1340 scisci-

93 1374 164 1426 tanti
179 1373 277 1426 Croeso
293 1373 327 1425 de
342 1373 484 1425 divinitate
503 1379 607 1425 certum
625 1374 797 1442 renuntiavit,
813 1392 882 1426 com-

51 1462 84 1513 15
94 1465 198 1512 meatus
208 1459 376 1512 dehberaudi
385 1476 463 1528 saepe
472 1457 615 1511 frustratus
624 1460 633 1511 ‘l
667 1457 759 1511 Deum
769 1460 882 1529 quilibet

94 1544 187 1616 opifex
197 1545 363 1598 Christianus
376 1551 403 1597 et
414 1545 518 1597 invenit
531 1551 558 1596 et
568 1544 684 1597 ostendit
697 1552 723 1597 et
733 1545 831 1598 exinde
844 1552 882 1598 to-

94 1639 161 1699 tum,
171 1631 243 1702 quod
252 1630 282 1683 in
292 1631 343 1683 deo
357 1630 501 1700 quaeritur,
510 1647 540 1681 re
553 1647 659 1699 quoque
671 1631 789 1701 assignat
796 1650 803 1699 ;
818 1631 883 1684 licet

93 1716 173 1771 Plato
189 1718 305 1770 affirmet
317 1716 500 1769 factitatorem
514 1716 694 1770 universitatis
709 1734 796 1785 neque
811 1719 883 1770 inre-

93 1804 147 1855 niri
156 1801 268 1856 facilem
277 1809 304 1856 et
313 1802 454 1855 inventum
464 1803 583 1854 enarrari
591 1802 621 1852 in
634 1820 726 1854 omnes
736 1802 882 1855 difficilem.

52 1893 86 1943 ab
96 1888 222 1941 Ceterum
235 1889 301 1941 side
313 1888 445 1958 pudicitia
454 1881 637 1956 prorocemus
644 1887 705 1957 lego
714 1893 818 1957 partem
828 1906 884 1940 sen-

95 1975 196 2027 tentiae
211 1974 321 2026 Atticae
336 1973 366 2024 in
382 1972 520 2025 Socratem
535 1978 719 2041 corruptorem
733 1973 884 2026 adolescen-

95 2060 165 2112 tium
188 2060 398 2129 pronuntiatam.
436 2056 537 2110 Senum
558 2075 608 2110 nec
626 2056 777 2110 femineum
797 2065 884 2112 mutat

96 2144 269 2198 Christianus.
306 2143 380 2196 Novi
393 2149 420 2195 et
432 2141 562 2213 Phrynen
574 2143 743 2206 meretricem
752 2142 884 2215 Diogenis

95 2250 175 2302 supra
192 2231 346 2284 recubantis
361 2229 450 2282 ardori
465 2230 613 2282 subantem.
650 2229 743 2282 Audio
762 2237 789 2283 ct
804 2248 884 2300 quen-

53 2320 86 2373 25
95 2318 159 2371 dam
169 2314 350 2388 Speusippum
360 2317 394 2370 de
403 2314 525 2369 Platonis
537 2314 627 2369 schola
636 2316 665 2367 in
677 2315 808 2369 adulterio
817 2317 885 2387 peri-

94 2404 152 2456 isse.
190 2402 356 2455 Christianus
374 2402 452 2454 uxori
467 2420 530 2454 suae
545 2402 595 2454 soli
610 2401 745 2454 masculus
758 2403 883 2455 nascitur.

95 2487 268 2540 Democritus
287 2488 454 2540 excaecando
473 2488 655 2559 semetipsum,
671 2486 744 2556 qnod
759 2487 885 2539 mulieres

97 2574 155 2627 sine
170 2573 385 2643 concupiscentia
397 2573 514 2642 aspicere
528 2590 584 2624 non
596 2579 691 2642 posset,
702 2578 729 2624 et
742 2571 853 2638 doleret,
863 2573 885 2623 si

96 2677 152 2711 non
167 2664 235 2711 esset
248 2658 356 2727 potitus,
366 2657 590 2709 incontinentiam
605 2657 793 2709 emendatione
807 2655 886 2726 profi-

55 2749 89 2799 30
99 2751 176 2798 tetur.
213 2743 254 2795 At
269 2742 436 2794 Christianus
454 2741 533 2793 salvis
552 2741 635 2794 oculis
652 2740 784 2794 feminam
803 2742 885 2810 videt,

97 2831 188 2884 animo
204 2829 329 2881 adversus
344 2826 486 2880 libidinem
505 2843 598 2879 caecus
617 2832 664 2878 est.
702 2826 781 2879 Side
799 2828 886 2898 probi-

97 2923 152 2969 tate
168 2914 324 2982 defendam,
336 2930 399 2966 ecce
413 2912 554 2965 lutulentis
568 2912 682 2982 pedibus
693 2910 830 2982 Diogenes
844 2932 885 2967 su÷
