<?xml version="1.0" encoding="UTF-8"?>
<!DOCTYPE html PUBLIC "-//W3C//DTD XHTML 1.0 Transitional//EN"
    "http://www.w3.org/TR/xhtml1/DTD/xhtml1-transitional.dtd">
<html xmlns="http://www.w3.org/1999/xhtml" xml:lang="en" lang="en">
 <head>
  <title>
</title>
<meta http-equiv="Content-Type" content="text/html;charset=utf-8" />
  <meta name='ocr-system' content='tesseract 3.04.00' />
  <meta name='ocr-capabilities' content='ocr_page ocr_carea ocr_par ocr_line ocrx_word'/>
</head>
<body>
  <div class='ocr_page' id='page_1' title='image "MN41652ucmf_5_0128.png"; bbox 0 0 1921 3312; ppageno 0'>
   <div class='ocr_carea' id='block_1_1' title="bbox 101 119 701 172">
    <p class='ocr_par' dir='ltr' id='par_1_1' title="bbox 101 119 701 172">
     <span class='ocr_line' id='line_1_1' title="bbox 101 119 701 172; baseline -0.007 -4"><span class='ocrx_word' id='word_1_1' title='bbox 101 119 152 168; x_wconf 82' lang='lat'>106</span> <span class='ocrx_word' id='word_1_2' title='bbox 267 131 309 172; x_wconf 84' lang='lat' dir='ltr'>ou.</span> <span class='ocrx_word' id='word_1_3' title='bbox 322 129 391 164; x_wconf 79' lang='lat' dir='ltr'>surr.</span> <span class='ocrx_word' id='word_1_4' title='bbox 404 129 479 164; x_wconf 73' lang='lat' dir='ltr'>raon.</span> <span class='ocrx_word' id='word_1_5' title='bbox 493 127 701 164; x_wconf 69' lang='lat' dir='ltr'>unnrumrnnus&#39;.</span> 
     </span>
    </p>
   </div>
   <div class='ocr_carea' id='block_1_2' title="bbox 56 253 897 2982">
    <p class='ocr_par' dir='ltr' id='par_1_2' title="bbox 56 253 897 2982">
     <span class='ocr_line' id='line_1_2' title="bbox 101 253 890 328; baseline 0.001 -19"><span class='ocrx_word' id='word_1_6' title='bbox 101 258 160 328; x_wconf 90' lang='lat' dir='ltr'>quis</span> <span class='ocrx_word' id='word_1_7' title='bbox 174 256 361 325; x_wconf 78' lang='lat' dir='ltr'>sophistarum,</span> <span class='ocrx_word' id='word_1_8' title='bbox 372 255 418 322; x_wconf 85' lang='lat' dir='ltr'>qui</span> <span class='ocrx_word' id='word_1_9' title='bbox 430 273 486 307; x_wconf 92' lang='lat' dir='ltr'>nou</span> <span class='ocrx_word' id='word_1_10' title='bbox 499 255 533 307; x_wconf 87' lang='lat' dir='ltr'>de</span> <span class='ocrx_word' id='word_1_11' title='bbox 547 254 741 325; x_wconf 86' lang='lat' dir='ltr'>prophetarum</span> <span class='ocrx_word' id='word_1_12' title='bbox 753 253 830 308; x_wconf 82' lang='lat' dir='ltr'>fonte</span> <span class='ocrx_word' id='word_1_13' title='bbox 845 275 890 327; x_wconf 90' lang='lat' dir='ltr'>po·</span> 
     </span>
     <span class='ocr_line' id='line_1_3' title="bbox 99 339 890 410; baseline 0 -16"><span class='ocrx_word' id='word_1_14' title='bbox 99 341 214 394; x_wconf 79' lang='lat' dir='ltr'>tareritl</span> <span class='ocrx_word' id='word_1_15' title='bbox 251 339 320 392; x_wconf 80' lang='lat' dir='ltr'>inde</span> <span class='ocrx_word' id='word_1_16' title='bbox 332 339 417 410; x_wconf 80' lang='lat' dir='ltr'>igitur</span> <span class='ocrx_word' id='word_1_17' title='bbox 431 339 585 410; x_wconf 83' lang='lat' dir='ltr'>philosophi</span> <span class='ocrx_word' id='word_1_18' title='bbox 600 339 673 391; x_wconf 89' lang='lat' dir='ltr'>sitim</span> <span class='ocrx_word' id='word_1_19' title='bbox 685 340 788 410; x_wconf 76' lang='lat' dir='ltr'>ingenii</span> <span class='ocrx_word' id='word_1_20' title='bbox 800 342 842 393; x_wconf 89' lang='lat' dir='ltr'>sui</span> <span class='ocrx_word' id='word_1_21' title='bbox 857 345 890 394; x_wconf 92' lang='lat' dir='ltr'>ri-</span> 
     </span>
     <span class='ocr_line' id='line_1_4' title="bbox 99 425 890 498; baseline 0.004 -21"><span class='ocrx_word' id='word_1_22' title='bbox 99 432 245 498; x_wconf 71' lang='lat' dir='ltr'>gaverunt,</span> <span class='ocrx_word' id='word_1_23' title='bbox 263 443 328 477; x_wconf 91' lang='lat' dir='ltr'>nam</span> <span class='ocrx_word' id='word_1_24' title='bbox 343 425 406 494; x_wconf 89' lang='lat' dir='ltr'>quia</span> <span class='ocrx_word' id='word_1_25' title='bbox 422 425 555 493; x_wconf 79' lang='lat' dir='ltr'>quaedam</span> <span class='ocrx_word' id='word_1_26' title='bbox 571 425 605 476; x_wconf 92' lang='lat' dir='ltr'>de</span> <span class='ocrx_word' id='word_1_27' title='bbox 623 426 721 477; x_wconf 87' lang='lat' dir='ltr'>nostris</span> <span class='ocrx_word' id='word_1_28' title='bbox 735 425 844 495; x_wconf 89' lang='lat' dir='ltr'>habent,</span> <span class='ocrx_word' id='word_1_29' title='bbox 858 446 890 480; x_wconf 91' lang='lat' dir='ltr'>ea</span> 
     </span>
     <span class='ocr_line' id='line_1_5' title="bbox 69 508 890 583; baseline 0.004 -19"><span class='ocrx_word' id='word_1_30' title='bbox 69 514 71 517; x_wconf 74' lang='grc'>’</span> <span class='ocrx_word' id='word_1_31' title='bbox 99 518 207 582; x_wconf 88' lang='lat' dir='ltr'>propter</span> <span class='ocrx_word' id='word_1_32' title='bbox 222 529 269 564; x_wconf 91' lang='lat' dir='ltr'>nos</span> <span class='ocrx_word' id='word_1_33' title='bbox 289 516 445 581; x_wconf 86' lang='lat' dir='ltr'>comparant</span> <span class='ocrx_word' id='word_1_34' title='bbox 459 510 519 562; x_wconf 88' lang='lat' dir='ltr'>illis.</span> <span class='ocrx_word' id='word_1_35' title='bbox 556 508 635 578; x_wconf 77' lang='lat' dir='ltr'>inde,</span> <span class='ocrx_word' id='word_1_36' title='bbox 646 512 750 582; x_wconf 80' lang='lat' dir='ltr'>opinor,</span> <span class='ocrx_word' id='word_1_37' title='bbox 760 520 787 566; x_wconf 93' lang='lat' dir='ltr'>et</span> <span class='ocrx_word' id='word_1_38' title='bbox 803 532 819 566; x_wconf 91' lang='lat' dir='ltr'>a</span> <span class='ocrx_word' id='word_1_39' title='bbox 834 515 890 583; x_wconf 88' lang='lat' dir='ltr'>qui-</span> 
     </span>
     <span class='ocr_line' id='line_1_6' title="bbox 74 596 891 668; baseline 0.001 -17"><span class='ocrx_word' id='word_1_40' title='bbox 74 606 88 657; x_wconf 86' lang='lat'>5</span> <span class='ocrx_word' id='word_1_41' title='bbox 99 598 214 651; x_wconf 88' lang='lat' dir='ltr'>busdam</span> <span class='ocrx_word' id='word_1_42' title='bbox 226 596 395 668; x_wconf 79' lang='lat' dir='ltr'>philosophia</span> <span class='ocrx_word' id='word_1_43' title='bbox 403 596 508 667; x_wconf 82' lang='lat' dir='ltr'>legibus</span> <span class='ocrx_word' id='word_1_44' title='bbox 521 613 629 666; x_wconf 85' lang='lat' dir='ltr'>quoque</span> <span class='ocrx_word' id='word_1_45' title='bbox 642 598 727 651; x_wconf 86' lang='lat' dir='ltr'>eiecta</span> <span class='ocrx_word' id='word_1_46' title='bbox 739 606 786 667; x_wconf 88' lang='lat' dir='ltr'>est,</span> <span class='ocrx_word' id='word_1_47' title='bbox 798 599 891 652; x_wconf 79' lang='lat' dir='ltr'>aThe-</span> 
     </span>
     <span class='ocr_line' id='line_1_7' title="bbox 100 682 891 753; baseline 0.001 -16"><span class='ocrx_word' id='word_1_48' title='bbox 100 685 177 738; x_wconf 90' lang='lat' dir='ltr'>banis</span> <span class='ocrx_word' id='word_1_49' title='bbox 193 684 261 752; x_wconf 89' lang='lat' dir='ltr'>dico,</span> <span class='ocrx_word' id='word_1_50' title='bbox 277 702 293 736; x_wconf 91' lang='lat' dir='ltr'>a</span> <span class='ocrx_word' id='word_1_51' title='bbox 307 682 447 753; x_wconf 79' lang='lat' dir='ltr'>Spartiatis</span> <span class='ocrx_word' id='word_1_52' title='bbox 462 689 489 735; x_wconf 92' lang='grc'>11</span> <span class='ocrx_word' id='word_1_53' title='bbox 501 682 620 753; x_wconf 79' lang='lat' dir='ltr'>Argivis.</span> <span class='ocrx_word' id='word_1_54' title='bbox 658 682 735 736; x_wconf 85' lang='lat' dir='ltr'>Dum</span> <span class='ocrx_word' id='word_1_55' title='bbox 750 685 785 737; x_wconf 88' lang='lat' dir='ltr'>ad</span> <span class='ocrx_word' id='word_1_56' title='bbox 800 692 891 738; x_wconf 90' lang='lat' dir='ltr'>nostra</span> 
     </span>
     <span class='ocr_line' id='line_1_8' title="bbox 101 769 891 840; baseline 0 -17"><span class='ocrx_word' id='word_1_57' title='bbox 101 777 231 823; x_wconf 84' lang='lat' dir='ltr'>conantur</span> <span class='ocrx_word' id='word_1_58' title='bbox 246 777 273 822; x_wconf 91' lang='lat' dir='ltr'>et</span> <span class='ocrx_word' id='word_1_59' title='bbox 285 770 407 822; x_wconf 90' lang='lat' dir='ltr'>homines</span> <span class='ocrx_word' id='word_1_60' title='bbox 421 769 532 840; x_wconf 84' lang='lat' dir='ltr'>gloriae,</span> <span class='ocrx_word' id='word_1_61' title='bbox 542 776 572 821; x_wconf 93' lang='grc'>111</span> <span class='ocrx_word' id='word_1_62' title='bbox 588 769 714 838; x_wconf 75' lang='lat' dir='ltr'>diximus,</span> <span class='ocrx_word' id='word_1_63' title='bbox 724 776 751 822; x_wconf 86' lang='lat' dir='ltr'>et</span> <span class='ocrx_word' id='word_1_64' title='bbox 766 770 891 840; x_wconf 89' lang='lat' dir='ltr'>eloquen-</span> 
     </span>
     <span class='ocr_line' id='line_1_9' title="bbox 100 854 891 925; baseline 0.003 -17"><span class='ocrx_word' id='word_1_65' title='bbox 100 858 154 908; x_wconf 89' lang='lat' dir='ltr'>tiae</span> <span class='ocrx_word' id='word_1_66' title='bbox 173 856 253 909; x_wconf 92' lang='lat' dir='ltr'>solius</span> <span class='ocrx_word' id='word_1_67' title='bbox 272 855 417 923; x_wconf 90' lang='lat' dir='ltr'>libidinosi,</span> <span class='ocrx_word' id='word_1_68' title='bbox 429 856 454 908; x_wconf 88' lang='lat' dir='ltr'>si</span> <span class='ocrx_word' id='word_1_69' title='bbox 473 855 539 925; x_wconf 87' lang='lat' dir='ltr'>quid</span> <span class='ocrx_word' id='word_1_70' title='bbox 554 856 584 907; x_wconf 91' lang='lat' dir='ltr'>in</span> <span class='ocrx_word' id='word_1_71' title='bbox 602 856 701 908; x_wconf 90' lang='lat' dir='ltr'>sanctis</span> <span class='ocrx_word' id='word_1_72' title='bbox 719 854 891 910; x_wconf 80' lang='lat' dir='ltr'>offenderunt</span> 
     </span>
     <span class='ocr_line' id='line_1_10' title="bbox 100 940 891 1012; baseline 0.001 -18"><span class='ocrx_word' id='word_1_73' title='bbox 100 942 217 1012; x_wconf 76' lang='lat' dir='ltr'>digestis,</span> <span class='ocrx_word' id='word_1_74' title='bbox 227 940 324 994; x_wconf 75' lang='lat' dir='ltr'>exinde</span> <span class='ocrx_word' id='word_1_75' title='bbox 337 949 473 1012; x_wconf 77' lang='lat' dir='ltr'>regestum</span> <span class='ocrx_word' id='word_1_76' title='bbox 484 959 534 1011; x_wconf 90' lang='lat' dir='ltr'>pro</span> <span class='ocrx_word' id='word_1_77' title='bbox 544 941 668 994; x_wconf 88' lang='lat' dir='ltr'>instituto</span> <span class='ocrx_word' id='word_1_78' title='bbox 682 942 842 995; x_wconf 80' lang='lat' dir='ltr'>curiositatis</span> <span class='ocrx_word' id='word_1_79' title='bbox 856 943 891 995; x_wconf 91' lang='lat' dir='ltr'>ad</span> 
     </span>
     <span class='ocr_line' id='line_1_11' title="bbox 56 1028 891 1098; baseline 0.002 -19"><span class='ocrx_word' id='word_1_80' title='bbox 56 1034 90 1085; x_wconf 79' lang='lat'>10</span> <span class='ocrx_word' id='word_1_81' title='bbox 100 1028 209 1098; x_wconf 89' lang='lat' dir='ltr'>propria</span> <span class='ocrx_word' id='word_1_82' title='bbox 222 1034 367 1095; x_wconf 80' lang='lat' dir='ltr'>uerterunt,</span> <span class='ocrx_word' id='word_1_83' title='bbox 380 1045 468 1097; x_wconf 86' lang='lat' dir='ltr'>neque</span> <span class='ocrx_word' id='word_1_84' title='bbox 483 1028 546 1080; x_wconf 89' lang='lat' dir='ltr'>satis</span> <span class='ocrx_word' id='word_1_85' title='bbox 565 1028 704 1081; x_wconf 87' lang='lat' dir='ltr'>credentes</span> <span class='ocrx_word' id='word_1_86' title='bbox 720 1028 812 1080; x_wconf 83' lang='lat' dir='ltr'>divina</span> <span class='ocrx_word' id='word_1_87' title='bbox 827 1046 891 1097; x_wconf 89' lang='lat' dir='ltr'>esse,</span> 
     </span>
     <span class='ocr_line' id='line_1_12' title="bbox 103 1114 892 1185; baseline 0.004 -20"><span class='ocrx_word' id='word_1_88' title='bbox 103 1114 258 1184; x_wconf 88' lang='lat' dir='ltr'>quominus</span> <span class='ocrx_word' id='word_1_89' title='bbox 273 1114 474 1184; x_wconf 73' lang='lat' dir='ltr'>interpolarent,</span> <span class='ocrx_word' id='word_1_90' title='bbox 483 1132 571 1184; x_wconf 86' lang='lat' dir='ltr'>neque</span> <span class='ocrx_word' id='word_1_91' title='bbox 586 1115 653 1167; x_wconf 76' lang='lat' dir='ltr'>satis.</span> <span class='ocrx_word' id='word_1_92' title='bbox 662 1114 852 1185; x_wconf 69' lang='lat' dir='ltr'>intelligentes</span> <span class='ocrx_word' id='word_1_93' title='bbox 861 1122 892 1168; x_wconf 91' lang='grc'>111</span> 
     </span>
     <span class='ocr_line' id='line_1_13' title="bbox 103 1199 891 1271; baseline 0.004 -20"><span class='ocrx_word' id='word_1_94' title='bbox 103 1199 192 1252; x_wconf 89' lang='lat' dir='ltr'>adhuc</span> <span class='ocrx_word' id='word_1_95' title='bbox 201 1206 266 1252; x_wconf 87' lang='lat' dir='ltr'>tunc</span> <span class='ocrx_word' id='word_1_96' title='bbox 276 1200 427 1268; x_wconf 87' lang='lat' dir='ltr'>subnubila,</span> <span class='ocrx_word' id='word_1_97' title='bbox 438 1201 520 1253; x_wconf 89' lang='lat' dir='ltr'>etiam</span> <span class='ocrx_word' id='word_1_98' title='bbox 529 1201 593 1271; x_wconf 90' lang='lat' dir='ltr'>ipsis</span> <span class='ocrx_word' id='word_1_99' title='bbox 602 1200 710 1254; x_wconf 85' lang='lat' dir='ltr'>ludaeis</span> <span class='ocrx_word' id='word_1_100' title='bbox 723 1202 891 1270; x_wconf 89' lang='lat' dir='ltr'>obumbrata,</span> 
     </span>
     <span class='ocr_line' id='line_1_14' title="bbox 103 1286 892 1359; baseline 0.004 -22"><span class='ocrx_word' id='word_1_101' title='bbox 103 1304 218 1356; x_wconf 86' lang='lat' dir='ltr'>quorum</span> <span class='ocrx_word' id='word_1_102' title='bbox 230 1287 339 1357; x_wconf 89' lang='lat' dir='ltr'>propria</span> <span class='ocrx_word' id='word_1_103' title='bbox 352 1287 520 1340; x_wconf 80' lang='lat' dir='ltr'>uidebantur.</span> <span class='ocrx_word' id='word_1_104' title='bbox 557 1286 632 1340; x_wconf 80' lang='lat' dir='ltr'>Nam</span> <span class='ocrx_word' id='word_1_105' title='bbox 647 1295 674 1340; x_wconf 90' lang='lat' dir='ltr'>et</span> <span class='ocrx_word' id='word_1_106' title='bbox 688 1288 710 1341; x_wconf 91' lang='lat' dir='ltr'>si</span> <span class='ocrx_word' id='word_1_107' title='bbox 723 1298 777 1357; x_wconf 81' lang='lat' dir='ltr'>qua</span> <span class='ocrx_word' id='word_1_108' title='bbox 791 1288 892 1359; x_wconf 90' lang='lat' dir='ltr'>simpli-</span> 
     </span>
     <span class='ocr_line' id='line_1_15' title="bbox 104 1374 893 1449; baseline 0 -22"><span class='ocrx_word' id='word_1_109' title='bbox 104 1375 169 1449; x_wconf 75' lang='lat' dir='ltr'>citas</span> <span class='ocrx_word' id='word_1_110' title='bbox 188 1381 245 1427; x_wconf 89' lang='lat' dir='ltr'>erat</span> <span class='ocrx_word' id='word_1_111' title='bbox 263 1375 390 1442; x_wconf 84' lang='lat' dir='ltr'>veritatis,</span> <span class='ocrx_word' id='word_1_112' title='bbox 405 1392 437 1427; x_wconf 92' lang='lat' dir='ltr'>eo</span> <span class='ocrx_word' id='word_1_113' title='bbox 458 1375 545 1446; x_wconf 82' lang='lat' dir='ltr'>magis</span> <span class='ocrx_word' id='word_1_114' title='bbox 566 1374 755 1445; x_wconf 81' lang='lat' dir='ltr'>scrupulositas</span> <span class='ocrx_word' id='word_1_115' title='bbox 773 1374 893 1428; x_wconf 91' lang='lat' dir='ltr'>humana</span> 
     </span>
     <span class='ocr_line' id='line_1_16' title="bbox 59 1460 893 1531; baseline 0 -17"><span class='ocrx_word' id='word_1_116' title='bbox 59 1463 92 1514; x_wconf 90' lang='lat'>15</span> <span class='ocrx_word' id='word_1_117' title='bbox 104 1460 187 1514; x_wconf 88' lang='lat' dir='ltr'>fidem</span> <span class='ocrx_word' id='word_1_118' title='bbox 202 1469 341 1531; x_wconf 89' lang='lat' dir='ltr'>aspernata</span> <span class='ocrx_word' id='word_1_119' title='bbox 356 1462 476 1529; x_wconf 87' lang='lat' dir='ltr'>nutabat,</span> <span class='ocrx_word' id='word_1_120' title='bbox 489 1479 542 1531; x_wconf 52' lang='lat' dir='ltr'>per&gt;</span> <span class='ocrx_word' id='word_1_121' title='bbox 552 1462 625 1531; x_wconf 91' lang='lat' dir='ltr'>quod</span> <span class='ocrx_word' id='word_1_122' title='bbox 640 1462 670 1514; x_wconf 91' lang='lat' dir='ltr'>in</span> <span class='ocrx_word' id='word_1_123' title='bbox 683 1462 817 1515; x_wconf 88' lang='lat' dir='ltr'>incertum</span> <span class='ocrx_word' id='word_1_124' title='bbox 831 1463 893 1515; x_wconf 92' lang='lat' dir='ltr'>mis-</span> 
     </span>
     <span class='ocr_line' id='line_1_17' title="bbox 106 1547 893 1617; baseline 0.001 -17"><span class='ocrx_word' id='word_1_125' title='bbox 106 1554 220 1600; x_wconf 90' lang='lat' dir='ltr'>cuerunt</span> <span class='ocrx_word' id='word_1_126' title='bbox 238 1548 319 1600; x_wconf 90' lang='lat' dir='ltr'>etiam</span> <span class='ocrx_word' id='word_1_127' title='bbox 335 1548 407 1617; x_wconf 88' lang='lat' dir='ltr'>quod</span> <span class='ocrx_word' id='word_1_128' title='bbox 421 1548 580 1600; x_wconf 89' lang='lat' dir='ltr'>invenerant</span> <span class='ocrx_word' id='word_1_129' title='bbox 599 1554 709 1600; x_wconf 88' lang='lat' dir='ltr'>certum.</span> <span class='ocrx_word' id='word_1_130' title='bbox 746 1547 893 1601; x_wconf 80' lang='lat' dir='ltr'>Inventum</span> 
     </span>
     <span class='ocr_line' id='line_1_18' title="bbox 104 1634 894 1705; baseline 0 -18"><span class='ocrx_word' id='word_1_131' title='bbox 104 1635 178 1687; x_wconf 90' lang='lat' dir='ltr'>enim</span> <span class='ocrx_word' id='word_1_132' title='bbox 191 1634 359 1687; x_wconf 89' lang='lat' dir='ltr'>solummodo</span> <span class='ocrx_word' id='word_1_133' title='bbox 370 1634 452 1686; x_wconf 91' lang='lat' dir='ltr'>deum</span> <span class='ocrx_word' id='word_1_134' title='bbox 464 1652 519 1686; x_wconf 91' lang='lat' dir='ltr'>non</span> <span class='ocrx_word' id='word_1_135' title='bbox 532 1640 562 1686; x_wconf 93' lang='grc'>111</span> <span class='ocrx_word' id='word_1_136' title='bbox 574 1634 733 1695; x_wconf 75' lang='lat' dir='ltr'>invenerant</span> <span class='ocrx_word' id='word_1_137' title='bbox 743 1635 894 1705; x_wconf 78' lang='lat' dir='ltr'>disputave-</span> 
     </span>
     <span class='ocr_line' id='line_1_19' title="bbox 104 1712 894 1790; baseline 0.003 -18"><span class='ocrx_word' id='word_1_138' title='bbox 104 1728 175 1788; x_wconf 90' lang='lat' dir='ltr'>runt,</span> <span class='ocrx_word' id='word_1_139' title='bbox 184 1727 215 1773; x_wconf 91' lang='lat' dir='ltr'>ut</span> <span class='ocrx_word' id='word_1_140' title='bbox 228 1721 262 1773; x_wconf 91' lang='lat' dir='ltr'>de</span> <span class='ocrx_word' id='word_1_141' title='bbox 275 1721 405 1790; x_wconf 85' lang='lat' dir='ltr'>qualitate</span> <span class='ocrx_word' id='word_1_142' title='bbox 420 1727 447 1772; x_wconf 91' lang='lat' dir='ltr'>et</span> <span class='ocrx_word' id='word_1_143' title='bbox 460 1720 494 1773; x_wconf 88' lang='lat' dir='ltr'>de</span> <span class='ocrx_word' id='word_1_144' title='bbox 506 1727 603 1773; x_wconf 88' lang='lat' dir='ltr'>natura</span> <span class='ocrx_word' id='word_1_145' title='bbox 619 1712 676 1773; x_wconf 89' lang='lat' dir='ltr'>eius</span> <span class='ocrx_word' id='word_1_146' title='bbox 691 1721 765 1773; x_wconf 90' lang='lat' dir='ltr'>etde</span> <span class='ocrx_word' id='word_1_147' title='bbox 780 1722 842 1774; x_wconf 85' lang='lat' dir='ltr'>sede</span> <span class='ocrx_word' id='word_1_148' title='bbox 856 1722 894 1774; x_wconf 92' lang='lat' dir='ltr'>di-</span> 
     </span>
     <span class='ocr_line' id='line_1_20' title="bbox 105 1806 895 1876; baseline -0.001 -17"><span class='ocrx_word' id='word_1_149' title='bbox 105 1813 233 1876; x_wconf 88' lang='lat' dir='ltr'>sceptent.</span> <span class='ocrx_word' id='word_1_150' title='bbox 267 1806 327 1857; x_wconf 81' lang='lat' dir='ltr'>Alii</span> <span class='ocrx_word' id='word_1_151' title='bbox 338 1806 534 1875; x_wconf 79' lang='lat' dir='ltr'>incorporalem</span> <span class='ocrx_word' id='word_1_152' title='bbox 547 1814 705 1873; x_wconf 78' lang='lat' dir='ltr'>asseverant,</span> <span class='ocrx_word' id='word_1_153' title='bbox 715 1806 762 1857; x_wconf 90' lang='lat' dir='ltr'>alii</span> <span class='ocrx_word' id='word_1_154' title='bbox 775 1824 895 1876; x_wconf 84' lang='lat' dir='ltr'>corpora-</span> 
     </span>
     <span class='ocr_line' id='line_1_21' title="bbox 61 1889 895 1960; baseline 0.002 -20"><span class='ocrx_word' id='word_1_155' title='bbox 61 1891 95 1940; x_wconf 76' lang='grc'>20</span> <span class='ocrx_word' id='word_1_156' title='bbox 105 1891 168 1958; x_wconf 89' lang='lat' dir='ltr'>lem,</span> <span class='ocrx_word' id='word_1_157' title='bbox 179 1909 232 1960; x_wconf 91' lang='lat' dir='ltr'>qna</span> <span class='ocrx_word' id='word_1_158' title='bbox 240 1889 384 1957; x_wconf 70' lang='lat' dir='ltr'>Platonici,</span> <span class='ocrx_word' id='word_1_159' title='bbox 394 1898 448 1959; x_wconf 85' lang='lat' dir='ltr'>qua</span> <span class='ocrx_word' id='word_1_160' title='bbox 460 1897 487 1942; x_wconf 92' lang='lat' dir='ltr'>et</span> <span class='ocrx_word' id='word_1_161' title='bbox 497 1889 595 1957; x_wconf 78' lang='lat' dir='ltr'>Stoici3</span> <span class='ocrx_word' id='word_1_162' title='bbox 614 1891 660 1942; x_wconf 88' lang='lat' dir='ltr'>alii</span> <span class='ocrx_word' id='word_1_163' title='bbox 673 1908 706 1942; x_wconf 73' lang='lat' dir='ltr'>ex</span> <span class='ocrx_word' id='word_1_164' title='bbox 718 1892 829 1958; x_wconf 72' lang='lat' dir='ltr'>atomis,</span> <span class='ocrx_word' id='word_1_165' title='bbox 849 1891 895 1943; x_wconf 86' lang='lat' dir='ltr'>alii</span> 
     </span>
     <span class='ocr_line' id='line_1_22' title="bbox 107 1974 894 2047; baseline 0 -19"><span class='ocrx_word' id='word_1_166' title='bbox 107 1995 141 2029; x_wconf 83' lang='lat' dir='ltr'>ex</span> <span class='ocrx_word' id='word_1_167' title='bbox 152 1976 278 2043; x_wconf 88' lang='lat' dir='ltr'>numeris,</span> <span class='ocrx_word' id='word_1_168' title='bbox 289 1994 342 2045; x_wconf 85' lang='lat' dir='ltr'>qua</span> <span class='ocrx_word' id='word_1_169' title='bbox 352 1975 485 2045; x_wconf 84' lang='lat' dir='ltr'>Epicurus</span> <span class='ocrx_word' id='word_1_170' title='bbox 498 1982 525 2027; x_wconf 89' lang='lat' dir='ltr'>et</span> <span class='ocrx_word' id='word_1_171' title='bbox 533 1974 710 2045; x_wconf 83' lang='lat' dir='ltr'>Pythagoras,</span> <span class='ocrx_word' id='word_1_172' title='bbox 720 1976 767 2027; x_wconf 87' lang='lat' dir='ltr'>alii</span> <span class='ocrx_word' id='word_1_173' title='bbox 780 1993 813 2028; x_wconf 81' lang='lat' dir='ltr'>ex</span> <span class='ocrx_word' id='word_1_174' title='bbox 824 1977 894 2047; x_wconf 79' lang='lat' dir='ltr'>igne,</span> 
     </span>
     <span class='ocr_line' id='line_1_23' title="bbox 108 2059 895 2131; baseline 0.001 -18"><span class='ocrx_word' id='word_1_175' title='bbox 108 2079 162 2131; x_wconf 91' lang='lat' dir='ltr'>qua</span> <span class='ocrx_word' id='word_1_176' title='bbox 171 2061 311 2114; x_wconf 84' lang='lat' dir='ltr'>Heraclito</span> <span class='ocrx_word' id='word_1_177' title='bbox 321 2062 409 2113; x_wconf 80' lang='lat' dir='ltr'>risum</span> <span class='ocrx_word' id='word_1_178' title='bbox 422 2067 476 2128; x_wconf 81' lang='lat' dir='ltr'>est3</span> <span class='ocrx_word' id='word_1_179' title='bbox 495 2067 523 2113; x_wconf 95' lang='grc'>11</span> <span class='ocrx_word' id='word_1_180' title='bbox 531 2059 667 2113; x_wconf 84' lang='lat' dir='ltr'>Platonici</span> <span class='ocrx_word' id='word_1_181' title='bbox 680 2062 790 2130; x_wconf 89' lang='lat' dir='ltr'>quidem</span> <span class='ocrx_word' id='word_1_182' title='bbox 803 2080 895 2114; x_wconf 90' lang='lat' dir='ltr'>curan-</span> 
     </span>
     <span class='ocr_line' id='line_1_24' title="bbox 107 2145 895 2217; baseline 0 -17"><span class='ocrx_word' id='word_1_183' title='bbox 107 2154 163 2200; x_wconf 87' lang='lat' dir='ltr'>tem</span> <span class='ocrx_word' id='word_1_184' title='bbox 175 2165 265 2199; x_wconf 90' lang='lat' dir='ltr'>rerum</span> <span class='ocrx_word' id='word_1_185' title='bbox 276 2165 283 2213; x_wconf 82' lang='lat'>3</span> <span class='ocrx_word' id='word_1_186' title='bbox 302 2153 394 2199; x_wconf 88' lang='lat' dir='ltr'>contra</span> <span class='ocrx_word' id='word_1_187' title='bbox 406 2145 532 2216; x_wconf 86' lang='lat' dir='ltr'>Epicurei</span> <span class='ocrx_word' id='word_1_188' title='bbox 545 2147 660 2199; x_wconf 88' lang='lat' dir='ltr'>otiosum</span> <span class='ocrx_word' id='word_1_189' title='bbox 672 2153 699 2199; x_wconf 90' lang='grc'>11</span> <span class='ocrx_word' id='word_1_190' title='bbox 711 2147 895 2217; x_wconf 78' lang='lat' dir='ltr'>inexercitum,</span> 
     </span>
     <span class='ocr_line' id='line_1_25' title="bbox 107 2232 896 2304; baseline 0 -17"><span class='ocrx_word' id='word_1_191' title='bbox 107 2240 134 2287; x_wconf 89' lang='lat' dir='ltr'>et</span> <span class='ocrx_word' id='word_1_192' title='bbox 149 2240 179 2286; x_wconf 91' lang='lat' dir='ltr'>ut</span> <span class='ocrx_word' id='word_1_193' title='bbox 192 2234 230 2286; x_wconf 91' lang='lat' dir='ltr'>ita</span> <span class='ocrx_word' id='word_1_194' title='bbox 244 2233 366 2300; x_wconf 80' lang='lat' dir='ltr'>dixerim,</span> <span class='ocrx_word' id='word_1_195' title='bbox 377 2233 514 2285; x_wconf 88' lang='lat' dir='ltr'>neminem</span> <span class='ocrx_word' id='word_1_196' title='bbox 526 2232 651 2285; x_wconf 88' lang='lat' dir='ltr'>humanis</span> <span class='ocrx_word' id='word_1_197' title='bbox 666 2234 745 2286; x_wconf 87' lang='lat' dir='ltr'>rebus</span> <span class='ocrx_word' id='word_1_198' title='bbox 753 2251 760 2301; x_wconf 90' lang='lat'>;</span> <span class='ocrx_word' id='word_1_199' title='bbox 778 2235 896 2304; x_wconf 88' lang='lat' dir='ltr'>positum</span> 
     </span>
     <span class='ocr_line' id='line_1_26' title="bbox 62 2317 896 2389; baseline 0.007 -21"><span class='ocrx_word' id='word_1_200' title='bbox 62 2318 169 2373; x_wconf 72' lang='lat' dir='ltr'>atvero</span> <span class='ocrx_word' id='word_1_201' title='bbox 185 2327 261 2372; x_wconf 76' lang='lat' dir='ltr'>extra</span> <span class='ocrx_word' id='word_1_202' title='bbox 276 2319 409 2371; x_wconf 88' lang='lat' dir='ltr'>rnundnm</span> <span class='ocrx_word' id='word_1_203' title='bbox 423 2317 514 2386; x_wconf 80' lang='lat' dir='ltr'>Stoici,</span> <span class='ocrx_word' id='word_1_204' title='bbox 525 2318 572 2387; x_wconf 85' lang='lat' dir='ltr'>qui</span> <span class='ocrx_word' id='word_1_205' title='bbox 584 2317 661 2389; x_wconf 80' lang='lat' dir='ltr'>figuli</span> <span class='ocrx_word' id='word_1_206' title='bbox 675 2319 756 2372; x_wconf 90' lang='lat' dir='ltr'>modo</span> <span class='ocrx_word' id='word_1_207' title='bbox 771 2321 896 2374; x_wconf 71' lang='lat' dir='ltr'>extrinse-</span> 
     </span>
     <span class='ocr_line' id='line_1_27' title="bbox 108 2403 895 2474; baseline 0 -17"><span class='ocrx_word' id='word_1_208' title='bbox 108 2422 154 2457; x_wconf 91' lang='lat' dir='ltr'>cus</span> <span class='ocrx_word' id='word_1_209' title='bbox 168 2411 293 2474; x_wconf 84' lang='lat' dir='ltr'>torqueat</span> <span class='ocrx_word' id='word_1_210' title='bbox 307 2404 407 2457; x_wconf 90' lang='lat' dir='ltr'>molem</span> <span class='ocrx_word' id='word_1_211' title='bbox 421 2403 500 2471; x_wconf 87' lang='lat' dir='ltr'>hauc,</span> <span class='ocrx_word' id='word_1_212' title='bbox 513 2405 585 2456; x_wconf 90' lang='lat' dir='ltr'>intra</span> <span class='ocrx_word' id='word_1_213' title='bbox 603 2405 737 2457; x_wconf 89' lang='lat' dir='ltr'>mundum</span> <span class='ocrx_word' id='word_1_214' title='bbox 751 2404 895 2474; x_wconf 84' lang='lat' dir='ltr'>Platonici,</span> 
     </span>
     <span class='ocr_line' id='line_1_28' title="bbox 80 2489 896 2560; baseline 0.004 -20"><span class='ocrx_word' id='word_1_215' title='bbox 80 2505 82 2509; x_wconf 59' lang='lat'><em>⁴</em></span> <span class='ocrx_word' id='word_1_216' title='bbox 109 2490 156 2559; x_wconf 85' lang='lat' dir='ltr'>qui</span> <span class='ocrx_word' id='word_1_217' title='bbox 175 2490 360 2560; x_wconf 82' lang='lat' dir='ltr'>gubernatoris</span> <span class='ocrx_word' id='word_1_218' title='bbox 379 2489 502 2559; x_wconf 81' lang='lat' dir='ltr'>exemplo</span> <span class='ocrx_word' id='word_1_219' title='bbox 520 2490 592 2542; x_wconf 91' lang='lat' dir='ltr'>intra</span> <span class='ocrx_word' id='word_1_220' title='bbox 610 2490 681 2542; x_wconf 90' lang='lat' dir='ltr'>illud</span> <span class='ocrx_word' id='word_1_221' title='bbox 694 2498 810 2558; x_wconf 85' lang='lat' dir='ltr'>maneat,</span> <span class='ocrx_word' id='word_1_222' title='bbox 824 2491 896 2560; x_wconf 86' lang='lat' dir='ltr'>quod</span> 
     </span>
     <span class='ocr_line' id='line_1_29' title="bbox 98 2573 897 2645; baseline 0.003 -19"><span class='ocrx_word' id='word_1_223' title='bbox 98 2577 191 2645; x_wconf 78' lang='lat' dir='ltr'>regat.</span> <span class='ocrx_word' id='word_1_224' title='bbox 229 2573 260 2626; x_wconf 76' lang='lat' dir='ltr'>Si</span> <span class='ocrx_word' id='word_1_225' title='bbox 274 2575 348 2626; x_wconf 89' lang='lat' dir='ltr'>etde</span> <span class='ocrx_word' id='word_1_226' title='bbox 363 2575 421 2643; x_wconf 92' lang='lat' dir='ltr'>ipso</span> <span class='ocrx_word' id='word_1_227' title='bbox 435 2574 538 2626; x_wconf 92' lang='lat' dir='ltr'>mundo</span> <span class='ocrx_word' id='word_1_228' title='bbox 553 2581 632 2626; x_wconf 90' lang='lat' dir='ltr'>natus</span> <span class='ocrx_word' id='word_1_229' title='bbox 646 2575 843 2642; x_wconf 72' lang='lat' dir='ltr'>innatusressit,</span> <span class='ocrx_word' id='word_1_230' title='bbox 854 2576 897 2628; x_wconf 91' lang='lat' dir='ltr'>de-</span> 
     </span>
     <span class='ocr_line' id='line_1_30' title="bbox 109 2659 896 2725; baseline 0.001 -13"><span class='ocrx_word' id='word_1_231' title='bbox 109 2676 230 2712; x_wconf 87' lang='lat' dir='ltr'>cessurus</span> <span class='ocrx_word' id='word_1_232' title='bbox 251 2676 424 2710; x_wconf 74' lang='lat' dir='ltr'>mansurusve</span> <span class='ocrx_word' id='word_1_233' title='bbox 443 2659 618 2725; x_wconf 60' lang='lat' dir='ltr'>sit,‘rari&#39;ant;&#39;</span> <span class='ocrx_word' id='word_1_234' title='bbox 637 2660 675 2711; x_wconf 74' lang='lat' dir='ltr'>vsic</span> <span class='ocrx_word' id='word_1_235' title='bbox 693 2659 773 2711; x_wconf 82' lang='lat' dir='ltr'>etde</span> <span class='ocrx_word' id='word_1_236' title='bbox 792 2661 896 2713; x_wconf 90' lang='lat' dir='ltr'>animae</span> 
     </span>
     <span class='ocr_line' id='line_1_31' title="bbox 64 2743 897 2814; baseline 0.001 -18"><span class='ocrx_word' id='word_1_237' title='bbox 64 2747 98 2796; x_wconf 85' lang='lat'>30</span> <span class='ocrx_word' id='word_1_238' title='bbox 109 2752 188 2813; x_wconf 90' lang='lat' dir='ltr'>statu,</span> <span class='ocrx_word' id='word_1_239' title='bbox 201 2762 284 2814; x_wconf 90' lang='lat' dir='ltr'>quam</span> <span class='ocrx_word' id='word_1_240' title='bbox 299 2743 346 2796; x_wconf 89' lang='lat' dir='ltr'>alii</span> <span class='ocrx_word' id='word_1_241' title='bbox 361 2743 482 2795; x_wconf 83' lang='lat' dir='ltr'>divinam</span> <span class='ocrx_word' id='word_1_242' title='bbox 500 2749 527 2794; x_wconf 91' lang='lat' dir='ltr'>et</span> <span class='ocrx_word' id='word_1_243' title='bbox 542 2749 686 2810; x_wconf 88' lang='lat' dir='ltr'>aeternam,</span> <span class='ocrx_word' id='word_1_244' title='bbox 699 2743 745 2795; x_wconf 88' lang='lat' dir='ltr'>alii</span> <span class='ocrx_word' id='word_1_245' title='bbox 760 2744 897 2799; x_wconf 86' lang='lat' dir='ltr'>dissolubi-</span> 
     </span>
     <span class='ocr_line' id='line_1_32' title="bbox 108 2828 897 2897; baseline 0 -12"><span class='ocrx_word' id='word_1_246' title='bbox 108 2832 164 2885; x_wconf 90' lang='lat' dir='ltr'>lem</span> <span class='ocrx_word' id='word_1_247' title='bbox 180 2829 360 2884; x_wconf 87' lang='lat' dir='ltr'>contendunt:</span> <span class='ocrx_word' id='word_1_248' title='bbox 379 2834 410 2881; x_wconf 89' lang='grc'>111</span> <span class='ocrx_word' id='word_1_249' title='bbox 425 2828 484 2897; x_wconf 84' lang='lat' dir='ltr'>quis</span> <span class='ocrx_word' id='word_1_250' title='bbox 499 2829 587 2895; x_wconf 87' lang='lat' dir='ltr'>sensit,</span> <span class='ocrx_word' id='word_1_251' title='bbox 597 2828 677 2881; x_wconf 88' lang='lat' dir='ltr'>itaet</span> <span class='ocrx_word' id='word_1_252' title='bbox 691 2828 783 2882; x_wconf 87' lang='lat' dir='ltr'>intulit</span> <span class='ocrx_word' id='word_1_253' title='bbox 798 2837 844 2884; x_wconf 88' lang='lat' dir='ltr'>aut</span> <span class='ocrx_word' id='word_1_254' title='bbox 858 2850 897 2885; x_wconf 89' lang='lat' dir='ltr'>re·</span> 
     </span>
     <span class='ocr_line' id='line_1_33' title="bbox 107 2913 896 2982; baseline -0.001 -11"><span class='ocrx_word' id='word_1_255' title='bbox 107 2917 244 2977; x_wconf 73' lang='lat' dir='ltr'>formarit.</span> <span class='ocrx_word' id='word_1_256' title='bbox 281 2914 341 2975; x_wconf 81' lang='lat' dir='ltr'>Nec</span> <span class='ocrx_word' id='word_1_257' title='bbox 365 2914 473 2980; x_wconf 88' lang='lat' dir='ltr'>mirum,</span> <span class='ocrx_word' id='word_1_258' title='bbox 493 2913 515 2966; x_wconf 92' lang='lat' dir='ltr'>si</span> <span class='ocrx_word' id='word_1_259' title='bbox 532 2919 609 2966; x_wconf 82' lang='lat' dir='ltr'>retus</span> <span class='ocrx_word' id='word_1_260' title='bbox 629 2913 836 2982; x_wconf 86' lang='lat' dir='ltr'>instrumentum</span> <span class='ocrx_word' id='word_1_261' title='bbox 858 2919 896 2969; x_wconf 88' lang='lat' dir='ltr'>in-</span> 
     </span>
    </p>
   </div>
   <div class='ocr_carea' id='block_1_3' title="bbox 0 0 972 3312">
    <p class='ocr_par' dir='ltr' id='par_1_3' title="bbox 0 0 972 3312">
     <span class='ocr_line' id='line_1_34' title="bbox 0 0 972 3312; baseline 0 0"><span class='ocrx_word' id='word_1_262' title='bbox 0 0 972 3312; x_wconf 95' lang='lat' dir='ltr'> </span> 
     </span>
    </p>
   </div>
  </div>
 </body>
</html>
