1921 3312
402 125 604 163 Aronocnrrous.
863 109 898 159 29

105 253 259 310 1011110101
276 252 425 304 iniustum.-
455 250 597 314 Sedvinud
614 252 711 309 solum,
721 257 898 323 exspectatur,

107 341 180 411 quod
198 340 261 392 odio
279 337 388 408 publico
406 338 586 390 necessarium
604 326 900 405 00100110110101111-

106 427 155 493 nis,
167 442 223 477 non
244 423 408 476 examinatio
430 423 564 488 criminis:
587 423 694 497 quando
713 424 788 476 side
808 425 899 495 aliquo

54 539 56 541 >
106 517 220 567 nocente
239 509 405 581 cognoscitis,
420 526 476 561 non
495 509 586 582 statim
609 508 730 562 confesso
750 528 782 563 eo
799 530 900 566 nomen

106 595 265 664 homicidae,
277 595 322 649 uel
336 594 467 668 sacrilegi,
476 594 521 647 vel
533 594 637 662 incesti,
648 594 692 647 rel
704 597 806 665 publici
817 599 900 651 hostis
925 612 940 662 5

33 751 35 754 y
107 681 148 751 (ut
160 682 194 734 de
205 681 302 734 uostris
315 680 408 751 elogiis
420 680 525 751 loquar)
539 672 658 733 contenti
671 681 727 734 'sitis
739 684 775 736 ad
786 694 901 754 pronun-

106 768 238 835 tiandum,
259 768 312 819 nisi
333 773 360 819 01
384 766 575 836 consequentia
603 766 723 840 exigatis,
744 770 902 839 qualitatem

107 852 183 922 facti,
191 870 343 921 numerum,
352 852 451 917 locum,
465 853 586 922 modum,
597 857 851 927 tempus-conscios,
863 874 902 909 so-

108 940 169 992 cios.
199 938 243 993 De
253 940 329 995 nobis
341 938 411 991 nihil
420 939 483 1008 tale,
492 958 555 993 cum
569 959 654 1012 aeque
665 944 816 1013 extorqueri
826 960 902 1013 opor-

107 1032 183 1093 teret,
191 1027 371 1096 quodcunque
380 1026 450 1081 falso
464 1030 587 1096 iactatur,
596 1036 662 1098 quot
671 1030 784 1098 quisque
796 1030 852 1088 iam
863 1030 902 1080 in·
907 1040 942 1090 10

107 1109 251 1164 santicidia
261 1112 434 1183 degustasset,
443 1121 508 1182 quot
513 1115 619 1172 ¹incesta
628 1115 848 1181 contenebrasset,
856 1115 903 1183 qui
919 1113 921 1116 ’

109 1196 174 1262 coci,
186 1196 234 1265 qui
249 1213 327 1248 canes
346 1195 491 1250 affuissent.
532 1199 557 1250 Ο
573 1190 674 1268 quanta
687 1199 761 1251 illius
775 1199 903 1270 praesidis

108 1281 201 1353 gloria,
214 1283 237 1335 si
256 1284 366 1336 eruisset
382 1283 510 1354 aliquem,
525 1286 581 1355 qui
591 1291 700 1337 centum
714 1285 769 1337 iam
784 1283 903 1338 infantes
950 1281 956 1291 '

109 1369 280 1424 comedisset!
321 1371 429 1440 Atquin
447 1372 600 1424 invenimus
620 1372 823 1442 inquisitionem
841 1368 904 1441 quo-

109 1456 203 1526 quein
215 1475 264 1510 nos
277 1457 451 1528 prohibitam.
487 1457 593 1511 Plinius
606 1459 678 1510 enim
690 1457 830 1511 Secundus
842 1470 944 1520 cum15

51 1547 53 1550 ⁴
108 1543 276 1612 provinciam
289 1551 401 1613 regeret,
414 1545 550 1597 damnatis
565 1544 727 1613 quibusdam
738 1543 904 1611 Christianis,

110 1629 270 1699 quibusdam
284 1629 371 1702 gradu
385 1629 476 1700 pulsis,
485 1630 543 1700 ipsa
555 1637 646 1682 tamen
661 1628 905 1699 rnrrltitudinepe1·-

43 1740 45 1742 ·
108 1717 239 1785 turbatus,
250 1716 317 1788 quid
330 1716 364 1769 de
378 1723 466 1769 cetero
482 1722 580 1787 ageret,
592 1714 725 1781 consuluit
740 1717 829 1784 [tunc]
841 1714 904 1768 Tra-

109 1802 203 1855 ianum
220 1804 419 1873 imperatorem,
437 1802 680 1872 alleganspraeter
699 1802 905 1854 obstinationem

109 1905 169 1941 noni
180 1888 356 1956 sacrificandi,
368 1887 438 1940 n'lril
453 1887 528 1940 aliud
541 1904 569 1939 se
582 1886 616 1938 de
628 1887 801 1938 sacramentis
813 1900 947 1950 eorum20

111 1975 278 2045 comperisse,
295 1993 378 2045 quam
398 1980 489 2027 coetus
512 1970 684 2024 antelucanos
702 1972 737 2024 ad
756 1971 908 2025 canendum

111 2059 217 2115 Christo
237 2069 267 2115 ut
286 2062 337 2116 deo
361 2068 389 2115 01
410 2061 446 2115 ad
465 2057 711 2114 confoederandam
729 2058 907 2130 disciplinam,

110 2147 296 2218 homicidium,
315 2149 487 2217 adulterium,
501 2146 637 2213 fraudem,
653 2143 804 2215 perfidiam,
819 2151 846 2198 et
867 2163 907 2198 ce-

110 2239 169 2285 tera
187 2234 286 2286 scelera
304 2234 484 2304 prohibentes.
524 2233 602 2284 Tunc
618 2229 749 2282 Traianus
765 2230 906 2299 rescripsit,
944 2282 945 2285 ,

110 2316 162 2369 hoc
173 2336 259 2388 genus
273 2319 447 2387 inquirendos
462 2318 572 2387 quidem
584 2333 641 2366 non
654 2332 718 2380 esse,
728 2313 830 2366 oblatos
842 2332 906 2367 uero
914 2323 948 2374 25

110 2402 201 2472 puniri
211 2409 340 2473 oportere.
375 2402 400 2454 Ο
411 2403 570 2455 seutentiam
582 2402 740 2455 necessitate
750 2398 906 2453 confusam!

111 2487 392 2561 Negat-inquirendos
407 2495 438 2541 ut
452 2489 614 2557 innocentes,
625 2497 653 2543 01
669 2489 782 2544 mandat
796 2487 907 2560 punien-

112 2575 161 2628 dos
179 2582 210 2628 ut
227 2581 362 2628 nocentes.
399 2573 492 2627 Parcit
507 2581 535 2628 01
550 2576 642 2644 saevit,
654 2576 806 2630 dissimulat
818 2581 848 2627 ⁴et
863 2592 907 2625 an-

112 2661 274 2714 imadvertit.
314 2659 387 2724 Quid
396 2661 568 2730 temetipsum
583 2679 695 2715 censura
709 2662 906 2716 circumvenis?

112 2746 135 2797 si
149 2746 269 2814 damnas,
283 2763 331 2798 cur
348 2762 403 2797 non
422 2751 449 2796 et
464 2744 595 2813 inquiris?
616 2747 638 2798 si
652 2765 708 2800 1101
723 2749 846 2819 inquiris,
860 2765 907 2799 cur
917 2752 950 2802 30

112 2849 167 2884 101
180 2838 207 2885 01
220 2831 352 2886 1110011101
390 2829 549 2883 Latronibus
561 2832 726 2904 vestigandis
740 2853 790 2906 per
801 2835 906 2888 univer-

113 2934 155 2970 sas
166 2918 319 2988 prouincias
333 2916 456 2970 mil'taris
471 2917 549 2970 statio
564 2918 689 2982 sortitur3
706 2920 736 2981 in
750 2939 809 2973 reos
823 2915 906 2974 maie-
