1921 3312
379 149 583 190 Arouoeurrcus.
671 155 679 185 t
769 141 771 143 ’
845 139 879 191 59

84 285 180 332 notum
192 284 238 330 est.
275 274 339 328 Hoc
349 277 391 328 vest
403 272 476 347 quod
489 277 571 331 deum
584 282 717 335 aestimari
726 281 802 351 facit,
812 282 880 336 dum

86 363 220 416 aestimari
238 376 293 412 non
314 361 393 430 capit.
432 360 475 414 Ita
497 381 560 415 eum
578 366 618 417 vis
638 368 832 438 magnitudinis
853 377 881 423 et

85 455 180 501 notum
198 445 353 498 hominibus
372 446 466 499 obiicit
485 455 512 500 et
531 449 662 519 ignotum.
684 444 735 504 *Ei
754 454 821 508 haec
841 463 881 509 est

86 550 193 585 summa
212 531 304 584 delicti
322 532 484 585 nolentium
494 552 692 606 recognoscere,
709 555 790 607 quem
807 543 881 614 igno-

85 635 145 670 rare
163 634 218 670 non
232 624 350 688 possunt.
370 617 482 672 'Vultis
500 637 534 673 ex
553 622 677 690 operibus
695 623 777 694 ipsius
793 634 832 680 tot
851 647 881 681 ac
909 634 924 685 5

85 703 191 772 talibus,
201 703 297 773 quibus
311 704 488 774 continemur,
497 707 594 777 quibus
609 710 778 781 sustinemm‘,
786 714 883 783 quibus

86 789 260 859 oblectamur,
276 790 359 844 etiam
378 792 475 862 quibus
495 800 667 865 exterremur,
677 798 758 851 vultis
776 816 810 851 ex
828 800 883 852 ani-

86 893 147 929 mae
165 876 427 946 ,ipsiustestimonio
451 882 679 950 comprobemus?
721 883 797 947 Quae
818 886 883 940 licet

86 980 193 1016 carcere
218 964 334 1034 corporis
359 982 457 1035 pressa,
476 966 541 1020 licet
560 970 773 1024 institutionibus
792 955 883 1042 pravis

87 1049 295 1118 circumscripta,
302 1050 367 1102 licet
379 1050 537 1105 libidinibus
552 1073 584 1106 ac
596 1057 819 1127 concupiscentiis
831 1058 926 1116 evi-10

86 1142 188 1206 gorata,
200 1135 264 1188 lieet
280 1135 357 1189 falsis
376 1137 428 1189 diis
449 1139 618 1208 exancillata,
634 1158 696 1193 eum
713 1148 805 1195 tamen
822 1144 889 1196 resi-¹

86 1220 173 1292 piscit,
186 1227 218 1273 ut
236 1239 270 1274 ex
285 1221 402 1292 crapula,
416 1229 447 1276 ut
466 1242 500 1277 ex
518 1243 621 1295 somno,
633 1233 665 1279 ut
683 1245 717 1280 ex
735 1228 825 1299 aliqua
839 1238 884 1282 'va-

86 1306 216 1375 letudine,
231 1313 260 1360 et
278 1306 420 1362 sanitatem
442 1328 518 1364 suam
534 1313 643 1382 patitur,
656 1313 736 1366 deum
754 1315 884 1382 nominat,

86 1390 138 1446 hoc
156 1392 212 1445 solo
231 1394 348 1463 nomine,
365 1396 428 1465 quia
446 1398 555 1467 proprio
574 1398 619 1451 dei
636 1399 708 1452 reri:
727 1400 793 1453 deus
811 1418 885 1471 mag·

12 1516 17 1523 ,
87 1497 145 1549 nus,
158 1479 224 1533 deus
239 1482 332 1550 bonus,
350 1490 378 1536 et
392 1483 465 1552 quod
484 1484 549 1537 deus
568 1484 680 1553 dederit,
696 1487 818 1538 omnium
832 1494 927 1546 vox15

88 1574 134 1621 est.
172 1567 295 1622 Iudicem
312 1586 418 1638 quoque
437 1575 601 1622 contestatur
619 1570 706 1638 illum,
721 1571 787 1623 deus
801 1572 884 1641 videt,
909 1599 911 1603 ·

88 1661 116 1706 et
130 1653 181 1707 deo
191 1655 363 1722 commendo,
379 1661 406 1706 et
423 1654 488 1706 deus
502 1653 571 1706 mihi
585 1655 692 1708 reddet
725 1656 750 1708 Ο
766 1658 884 1709 testimo·
920 1714 921 1717 Ἴ

88 1740 165 1792 nium
177 1741 283 1793 animae
295 1740 452 1793 naturaliter
466 1738 648 1793 Christianae!
685 1738 812 1811 Denique
823 1759 883 1811 pro-¹

88 1828 215 1881 nuntians
237 1828 312 1896 haec,
328 1845 384 1880 non
406 1826 441 1878 ad
463 1825 636 1896 Capitolium,
652 1826 699 1879 sed
721 1827 756 1879 ad
778 1827 884 1880 coelum

89 1914 204 1985 respicit,
237 1913 322 1967 Novit
334 1913 406 1967 enim
419 1911 510 1964 sedem
524 1911 568 1963 dei
578 1912 633 1963 riri
640 1930 648 1979 3
666 1913 700 1964 ab
713 1912 769 1981 illo,
780 1919 808 1965 et
819 1913 884 1966 inde
894 1925 928 1975 20

90 1998 235 2053 descendit.
687 2066 689 2070 ι

126 2083 239 2139 XVIII.
255 2083 309 2139 Sed
325 2103 377 2155 quo
394 2084 498 2154 plenius
514 2089 541 2135 et
555 2083 709 2153 impressius
724 2089 781 2136 tarn
795 2083 885 2154 ipsum

78 2165 274 2243 ,dispositiones
290 2175 345 2226 eius
361 2180 389 2226 et
402 2172 553 2226 voluntates
569 2171 712 2237 adiremus,
724 2170 883 2222 instrumen-

92 2263 150 2309 tum
162 2259 261 2311 adiecit
273 2259 446 2326 litteraturae,
455 2259 478 2311 si
492 2260 539 2328 qui
552 2258 618 2309 velit
630 2250 664 2308 de
677 2245 883 2324 deo'inquirere,

90 2349 119 2396 et
135 2343 263 2413 inquisito
282 2344 411 2410 invenire,
428 2350 455 2396 et
472 2344 583 2395 invento
602 2342 718 2409 credere,
735 2347 763 2393 et
782 2341 884 2393 credito
894 2348 928 2401 25

91 2429 230 2483 deservire.
268 2429 349 2483 Viros
369 2430 442 2482 enim
456 2429 559 2482 iustitia
578 2437 605 2482 et
619 2428 774 2482 innocentia
783 2425 885 2499 dignos

91 2515 259 2570 deiimnossa
272 2522 299 2570 et
308 2516 447 2569 ostendere
461 2510 633 2585 aprimordio
646 2516 675 2567 in
688 2508 810 2568 seculum
822 2515 886 2567 emi-

18 2656 21 2659 .
91 2603 126 2655 sit
144 2603 240 2673 spiritu
255 2602 348 2656 divino
362 2602 515 2670 inundatos
528 2620 582 2672 quo
601 2603 790 2673 praedicarent
804 2603 887 2655 deum

91 2690 205 2742 unicum
223 2706 287 2757 esse,
301 2690 347 2760 qui
365 2689 491 2742 universa
510 2688 668 2756 condiderit,
682 2689 729 2758 qui
746 2689 886 2742 hominem

92 2774 126 2827 de
141 2774 225 2829 humo
240 2775 380 2842 struxerit3
398 2774 444 2828 hic
460 2775 534 2828 enim
548 2781 588 2827 est
602 2792 681 2827 verus
693 2773 884 2840 Prometheus3
896 2776 929 2826 30

92 2861 141 2928 qui
152 2849 273 2913 seculum
286 2862 364 2914 certis
376 2867 528 2931 temporum
541 2860 758 2931 dispositionibus
771 2867 798 2912 et
810 2860 884 2911 exiti-

92 2943 143 2996 bus
156 2946 334 3012 ordinaverit3
354 2946 452 2998 exinde
462 2946 509 3015 qui
521 2935 599 3014 signa
613 2935 758 2997 maiestatis
768 2935 832 2997 suae
844 2945 884 2996 iu-
