<?xml version="1.0" encoding="UTF-8"?>
<!DOCTYPE html PUBLIC "-//W3C//DTD XHTML 1.0 Transitional//EN"
    "http://www.w3.org/TR/xhtml1/DTD/xhtml1-transitional.dtd">
<html xmlns="http://www.w3.org/1999/xhtml" xml:lang="en" lang="en">
 <head>
  <title>
</title>
<meta http-equiv="Content-Type" content="text/html;charset=utf-8" />
  <meta name='ocr-system' content='tesseract 3.04.00' />
  <meta name='ocr-capabilities' content='ocr_page ocr_carea ocr_par ocr_line ocrx_word'/>
</head>
<body>
  <div class='ocr_page' id='page_1' title='image "MN41652ucmf_5_0031.png"; bbox 0 0 1921 3312; ppageno 0'>
   <div class='ocr_carea' id='block_1_1' title="bbox 256 604 756 684">
    <p class='ocr_par' dir='ltr' id='par_1_1' title="bbox 256 604 756 684">
     <span class='ocr_line' id='line_1_1' title="bbox 256 604 756 684; baseline 0 -1"><span class='ocrx_word' id='word_1_1' title='bbox 256 606 342 683; x_wconf 89' lang='lat' dir='ltr'>AD</span> <span class='ocrx_word' id='word_1_2' title='bbox 378 604 756 684; x_wconf 82' lang='lat' dir='ltr'><strong>MARTYRES.</strong></span> 
     </span>
    </p>
   </div>
   <div class='ocr_carea' id='block_1_2' title="bbox 43 876 952 3023">
    <p class='ocr_par' dir='ltr' id='par_1_2' title="bbox 43 876 952 3023">
     <span class='ocr_line' id='line_1_2' title="bbox 47 876 902 950; baseline 0.001 -20"><span class='ocrx_word' id='word_1_3' title='bbox 47 927 48 930; x_wconf 76' lang='grc'>,</span> <span class='ocrx_word' id='word_1_4' title='bbox 113 920 115 922; x_wconf 89' lang='grc'>-</span> <span class='ocrx_word' id='word_1_5' title='bbox 148 881 170 935; x_wconf 91' lang='lat' dir='ltr'>I.</span> <span class='ocrx_word' id='word_1_6' title='bbox 184 881 261 935; x_wconf 87' lang='lat' dir='ltr'>lnter</span> <span class='ocrx_word' id='word_1_7' title='bbox 275 881 362 935; x_wconf 83' lang='lat' dir='ltr'>carnis</span> <span class='ocrx_word' id='word_1_8' title='bbox 377 879 514 950; x_wconf 78' lang='lat' dir='ltr'>alimenta,</span> <span class='ocrx_word' id='word_1_9' title='bbox 523 878 660 933; x_wconf 83' lang='lat' dir='ltr'>benedieti</span> <span class='ocrx_word' id='word_1_10' title='bbox 671 884 802 950; x_wconf 76' lang='lat' dir='ltr'><strong>martyres</strong></span> <span class='ocrx_word' id='word_1_11' title='bbox 815 876 902 950; x_wconf 89' lang='lat' dir='ltr'>desig-</span> 
     </span>
     <span class='ocr_line' id='line_1_3' title="bbox 111 965 902 1040; baseline -0.005 -19"><span class='ocrx_word' id='word_1_12' title='bbox 111 971 256 1040; x_wconf 80' lang='lat' dir='ltr'>nati‚.quae</span> <span class='ocrx_word' id='word_1_13' title='bbox 270 969 346 1023; x_wconf 86' lang='lat' dir='ltr'>vobis</span> <span class='ocrx_word' id='word_1_14' title='bbox 361 975 389 1022; x_wconf 89' lang='lat' dir='ltr'>et</span> <span class='ocrx_word' id='word_1_15' title='bbox 403 967 514 1021; x_wconf 91' lang='lat' dir='ltr'>domina</span> <span class='ocrx_word' id='word_1_16' title='bbox 527 973 628 1020; x_wconf 86' lang='lat' dir='ltr'>mater</span> <span class='ocrx_word' id='word_1_17' title='bbox 637 965 749 1019; x_wconf 81' lang='lat' dir='ltr'>eeclesia</span> <span class='ocrx_word' id='word_1_18' title='bbox 763 965 798 1019; x_wconf 90' lang='lat' dir='ltr'>de</span> <span class='ocrx_word' id='word_1_19' title='bbox 815 965 902 1019; x_wconf 90' lang='lat' dir='ltr'>uberi-</span> 
     </span>
     <span class='ocr_line' id='line_1_4' title="bbox 112 1052 902 1128; baseline -0.006 -20"><span class='ocrx_word' id='word_1_20' title='bbox 112 1058 161 1109; x_wconf 87' lang='lat' dir='ltr'>bus</span> <span class='ocrx_word' id='word_1_21' title='bbox 175 1057 230 1108; x_wconf 88' lang='lat' dir='ltr'>suis</span> <span class='ocrx_word' id='word_1_22' title='bbox 244 1061 272 1128; x_wconf 85' lang='lat' dir='ltr'>et</span> <span class='ocrx_word' id='word_1_23' title='bbox 286 1054 386 1126; x_wconf 79' lang='lat' dir='ltr'>singuli</span> <span class='ocrx_word' id='word_1_24' title='bbox 400 1053 498 1105; x_wconf 81' lang='lat' dir='ltr'>fratres</span> <span class='ocrx_word' id='word_1_25' title='bbox 514 1052 548 1105; x_wconf 90' lang='lat' dir='ltr'>de</span> <span class='ocrx_word' id='word_1_26' title='bbox 563 1052 659 1123; x_wconf 88' lang='lat' dir='ltr'>opibus</span> <span class='ocrx_word' id='word_1_27' title='bbox 677 1052 731 1105; x_wconf 86' lang='lat' dir='ltr'>suis</span> <span class='ocrx_word' id='word_1_28' title='bbox 745 1052 859 1123; x_wconf 88' lang='lat' dir='ltr'>propriis</span> <span class='ocrx_word' id='word_1_29' title='bbox 872 1052 902 1103; x_wconf 90' lang='lat' dir='ltr'>in</span> 
     </span>
     <span class='ocr_line' id='line_1_5' title="bbox 112 1137 903 1209; baseline -0.006 -15"><span class='ocrx_word' id='word_1_30' title='bbox 112 1158 247 1194; x_wconf 82' lang='lat' dir='ltr'><strong>carcerem</strong></span> <span class='ocrx_word' id='word_1_31' title='bbox 271 1140 483 1206; x_wconf 78' lang='lat' dir='ltr'>subministrant,</span> <span class='ocrx_word' id='word_1_32' title='bbox 503 1137 590 1209; x_wconf 83' lang='lat' dir='ltr'>eapite</span> <span class='ocrx_word' id='word_1_33' title='bbox 611 1137 716 1208; x_wconf 88' lang='lat' dir='ltr'>aliquid</span> <span class='ocrx_word' id='word_1_34' title='bbox 737 1144 765 1190; x_wconf 91' lang='lat' dir='ltr'>et</span> <span class='ocrx_word' id='word_1_35' title='bbox 786 1156 803 1190; x_wconf 92' lang='lat' dir='ltr'>a</span> <span class='ocrx_word' id='word_1_36' title='bbox 825 1137 903 1191; x_wconf 90' lang='lat' dir='ltr'>nobis</span> 
     </span>
     <span class='ocr_line' id='line_1_6' title="bbox 112 1222 944 1297; baseline -0.001 -18"><span class='ocrx_word' id='word_1_37' title='bbox 112 1227 185 1297; x_wconf 85' lang='lat' dir='ltr'>qnod</span> <span class='ocrx_word' id='word_1_38' title='bbox 200 1225 284 1279; x_wconf 80' lang='lat' dir='ltr'>faeiat</span> <span class='ocrx_word' id='word_1_39' title='bbox 302 1225 338 1279; x_wconf 89' lang='lat' dir='ltr'>ad</span> <span class='ocrx_word' id='word_1_40' title='bbox 355 1224 480 1296; x_wconf 84' lang='lat' dir='ltr'>spiritum</span> <span class='ocrx_word' id='word_1_41' title='bbox 498 1240 606 1294; x_wconf 81' lang='lat' dir='ltr'>qnoque</span> <span class='ocrx_word' id='word_1_42' title='bbox 624 1222 803 1290; x_wconf 76' lang='lat' dir='ltr'>educandum.</span> <span class='ocrx_word' id='word_1_43' title='bbox 841 1222 903 1277; x_wconf 83' lang='lat' dir='ltr'>Oar-</span> <span class='ocrx_word' id='word_1_44' title='bbox 929 1226 944 1278; x_wconf 91' lang='lat'>5</span> 
     </span>
     <span class='ocr_line' id='line_1_7' title="bbox 112 1309 903 1382; baseline -0.003 -17"><span class='ocrx_word' id='word_1_45' title='bbox 112 1330 176 1366; x_wconf 89' lang='lat' dir='ltr'>nem</span> <span class='ocrx_word' id='word_1_46' title='bbox 190 1312 265 1366; x_wconf 86' lang='lat' dir='ltr'>enirn</span> <span class='ocrx_word' id='word_1_47' title='bbox 279 1311 396 1382; x_wconf 87' lang='lat' dir='ltr'>saginari</span> <span class='ocrx_word' id='word_1_48' title='bbox 410 1316 438 1364; x_wconf 93' lang='lat' dir='ltr'>et</span> <span class='ocrx_word' id='word_1_49' title='bbox 452 1310 578 1381; x_wconf 87' lang='lat' dir='ltr'>spiritum</span> <span class='ocrx_word' id='word_1_50' title='bbox 593 1309 693 1363; x_wconf 85' lang='lat' dir='ltr'>esurire</span> <span class='ocrx_word' id='word_1_51' title='bbox 711 1328 767 1363; x_wconf 91' lang='lat' dir='ltr'>non</span> <span class='ocrx_word' id='word_1_52' title='bbox 780 1310 903 1382; x_wconf 83' lang='lat' dir='ltr'>prodest:</span> 
     </span>
     <span class='ocr_line' id='line_1_8' title="bbox 112 1396 905 1472; baseline -0.001 -21"><span class='ocrx_word' id='word_1_53' title='bbox 112 1400 168 1453; x_wconf 87' lang='lat' dir='ltr'>imo</span> <span class='ocrx_word' id='word_1_54' title='bbox 183 1400 205 1452; x_wconf 91' lang='lat' dir='ltr'>si</span> <span class='ocrx_word' id='word_1_55' title='bbox 220 1398 292 1469; x_wconf 91' lang='lat' dir='ltr'>quod</span> <span class='ocrx_word' id='word_1_56' title='bbox 307 1396 447 1451; x_wconf 86' lang='lat' dir='ltr'>infirmum</span> <span class='ocrx_word' id='word_1_57' title='bbox 461 1403 501 1451; x_wconf 87' lang='lat' dir='ltr'>est</span> <span class='ocrx_word' id='word_1_58' title='bbox 516 1403 731 1467; x_wconf 77' lang='lat' dir='ltr'>our·atu1¹‚aeque</span> <span class='ocrx_word' id='word_1_59' title='bbox 746 1396 905 1472; x_wconf 21' lang='lat' dir='ltr'>quod-infir-</span> 
     </span>
     <span class='ocr_line' id='line_1_9' title="bbox 112 1482 905 1556; baseline -0.003 -18"><span class='ocrx_word' id='word_1_60' title='bbox 112 1486 182 1539; x_wconf 88' lang='lat' dir='ltr'>mius</span> <span class='ocrx_word' id='word_1_61' title='bbox 193 1491 236 1538; x_wconf 82' lang='lat' dir='ltr'>&#39;est</span> <span class='ocrx_word' id='word_1_62' title='bbox 248 1484 351 1556; x_wconf 76' lang='lat' dir='ltr'>negligi</span> <span class='ocrx_word' id='word_1_63' title='bbox 362 1501 422 1537; x_wconf 47' lang='lat' dir='ltr'>non&gt;</span> <span class='ocrx_word' id='word_1_64' title='bbox 431 1483 521 1536; x_wconf 89' lang='lat' dir='ltr'>debet.</span> <span class='ocrx_word' id='word_1_65' title='bbox 546 1506 547 1509; x_wconf 44' lang='lat'>¹</span> <span class='ocrx_word' id='word_1_66' title='bbox 558 1482 619 1537; x_wconf 85' lang='lat' dir='ltr'>Neo</span> <span class='ocrx_word' id='word_1_67' title='bbox 630 1490 722 1536; x_wconf 87' lang='lat' dir='ltr'>tantus</span> <span class='ocrx_word' id='word_1_68' title='bbox 734 1501 785 1555; x_wconf 90' lang='lat' dir='ltr'>ego</span> <span class='ocrx_word' id='word_1_69' title='bbox 796 1501 865 1551; x_wconf 86' lang='lat' dir='ltr'>sum,</span> <span class='ocrx_word' id='word_1_70' title='bbox 874 1489 905 1536; x_wconf 85' lang='lat' dir='ltr'>ut</span> 
     </span>
     <span class='ocr_line' id='line_1_10' title="bbox 113 1568 905 1640; baseline 0 -18"><span class='ocrx_word' id='word_1_71' title='bbox 113 1588 160 1624; x_wconf 84' lang='lat' dir='ltr'>vos</span> <span class='ocrx_word' id='word_1_72' title='bbox 175 1570 312 1640; x_wconf 82' lang='lat' dir='ltr'>alloquar3</span> <span class='ocrx_word' id='word_1_73' title='bbox 330 1573 553 1622; x_wconf 83' lang='lat' dir='ltr'>veruntamenet</span> <span class='ocrx_word' id='word_1_74' title='bbox 567 1569 731 1640; x_wconf 79' lang='lat' dir='ltr'>gladiatores</span> <span class='ocrx_word' id='word_1_75' title='bbox 744 1568 905 1640; x_wconf 76' lang='lat' dir='ltr'>perfectissi-</span> 
     </span>
     <span class='ocr_line' id='line_1_11' title="bbox 113 1645 946 1726; baseline 0 -17"><span class='ocrx_word' id='word_1_76' title='bbox 113 1674 171 1709; x_wconf 91' lang='lat' dir='ltr'>mos</span> <span class='ocrx_word' id='word_1_77' title='bbox 183 1673 239 1709; x_wconf 92' lang='lat' dir='ltr'>non</span> <span class='ocrx_word' id='word_1_78' title='bbox 250 1662 357 1709; x_wconf 88' lang='lat' dir='ltr'>tantum</span> <span class='ocrx_word' id='word_1_79' title='bbox 369 1645 492 1726; x_wconf 79' lang='lat' dir='ltr'>magistri</span> <span class='ocrx_word' id='word_1_80' title='bbox 504 1660 533 1707; x_wconf 89' lang='lat' dir='ltr'>et</span> <span class='ocrx_word' id='word_1_81' title='bbox 543 1655 689 1725; x_wconf 83' lang='lat' dir='ltr'>praepositi</span> <span class='ocrx_word' id='word_1_82' title='bbox 702 1655 751 1723; x_wconf 83' lang='lat' dir='ltr'>sui,</span> <span class='ocrx_word' id='word_1_83' title='bbox 762 1655 809 1708; x_wconf 89' lang='lat' dir='ltr'>sed</span> <span class='ocrx_word' id='word_1_84' title='bbox 822 1656 905 1708; x_wconf 89' lang='lat' dir='ltr'>etiam</span> <span class='ocrx_word' id='word_1_85' title='bbox 912 1659 946 1710; x_wconf 79' lang='lat'>10</span> 
     </span>
     <span class='ocr_line' id='line_1_12' title="bbox 113 1739 906 1814; baseline -0.001 -20"><span class='ocrx_word' id='word_1_86' title='bbox 113 1742 214 1795; x_wconf 86' lang='lat' dir='ltr'>idiotae</span> <span class='ocrx_word' id='word_1_87' title='bbox 228 1749 257 1794; x_wconf 90' lang='lat' dir='ltr'>et</span> <span class='ocrx_word' id='word_1_88' title='bbox 271 1758 435 1812; x_wconf 78' lang='lat' dir='ltr'>supervacue</span> <span class='ocrx_word' id='word_1_89' title='bbox 449 1740 550 1810; x_wconf 87' lang='lat' dir='ltr'>quique</span> <span class='ocrx_word' id='word_1_90' title='bbox 565 1739 742 1814; x_wconf 81' lang='lat' dir='ltr'>adhortantur</span> <span class='ocrx_word' id='word_1_91' title='bbox 755 1741 789 1794; x_wconf 90' lang='lat' dir='ltr'>de</span> <span class='ocrx_word' id='word_1_92' title='bbox 800 1740 906 1812; x_wconf 90' lang='lat' dir='ltr'>longin-</span> 
     </span>
     <span class='ocr_line' id='line_1_13' title="bbox 43 1826 906 1899; baseline 0 -19"><span class='ocrx_word' id='word_1_93' title='bbox 43 1876 47 1880; x_wconf 85' lang='lat'><em>.</em></span> <span class='ocrx_word' id='word_1_94' title='bbox 115 1834 223 1898; x_wconf 41' lang='lat' dir='ltr'>quosut</span> <span class='ocrx_word' id='word_1_95' title='bbox 240 1844 319 1898; x_wconf 89' lang='lat' dir='ltr'>saepe</span> <span class='ocrx_word' id='word_1_96' title='bbox 337 1826 372 1880; x_wconf 88' lang='lat' dir='ltr'>de</span> <span class='ocrx_word' id='word_1_97' title='bbox 389 1826 448 1897; x_wconf 88' lang='lat' dir='ltr'>ipso</span> <span class='ocrx_word' id='word_1_98' title='bbox 466 1826 568 1897; x_wconf 85' lang='lat' dir='ltr'>populo</span> <span class='ocrx_word' id='word_1_99' title='bbox 586 1826 687 1880; x_wconf 85' lang='lat' dir='ltr'>dietata</span> <span class='ocrx_word' id='word_1_100' title='bbox 704 1833 830 1899; x_wconf 86' lang='lat' dir='ltr'>suggesta</span> <span class='ocrx_word' id='word_1_101' title='bbox 846 1845 906 1897; x_wconf 91' lang='lat' dir='ltr'>pro-</span> 
     </span>
     <span class='ocr_line' id='line_1_14' title="bbox 115 1911 907 1983; baseline 0.001 -18"><span class='ocrx_word' id='word_1_102' title='bbox 115 1913 227 1983; x_wconf 70' lang='lat' dir='ltr'>fuerint</span> <span class='ocrx_word' id='word_1_103' title='bbox 263 1911 393 1983; x_wconf 88' lang='lat' dir='ltr'>Inprimis</span> <span class='ocrx_word' id='word_1_104' title='bbox 411 1930 484 1983; x_wconf 79' lang='lat' dir='ltr'>erge,</span> <span class='ocrx_word' id='word_1_105' title='bbox 492 1912 639 1981; x_wconf 78' lang='lat' dir='ltr'>benedieti,</span> <span class='ocrx_word' id='word_1_106' title='bbox 650 1912 736 1966; x_wconf 87' lang='lat' dir='ltr'>nolite</span> <span class='ocrx_word' id='word_1_107' title='bbox 751 1913 907 1967; x_wconf 82' lang='lat' dir='ltr'>contristare</span> 
     </span>
     <span class='ocr_line' id='line_1_15' title="bbox 115 1997 906 2069; baseline 0.001 -19"><span class='ocrx_word' id='word_1_108' title='bbox 115 1998 240 2069; x_wconf 88' lang='lat' dir='ltr'>spiritum</span> <span class='ocrx_word' id='word_1_109' title='bbox 261 2003 393 2065; x_wconf 80' lang='lat' dir='ltr'>sanetum,</span> <span class='ocrx_word' id='word_1_110' title='bbox 411 1998 460 2067; x_wconf 88' lang='lat' dir='ltr'>qui</span> <span class='ocrx_word' id='word_1_111' title='bbox 477 1997 618 2051; x_wconf 75' lang='lat' dir='ltr'>nobiseum</span> <span class='ocrx_word' id='word_1_112' title='bbox 639 1997 744 2051; x_wconf 90' lang='lat' dir='ltr'>introiit</span> <span class='ocrx_word' id='word_1_113' title='bbox 765 2016 906 2051; x_wconf 81' lang='lat' dir='ltr'>carcerem.</span> 
     </span>
     <span class='ocr_line' id='line_1_16' title="bbox 116 2082 949 2153; baseline 0.005 -17"><span class='ocrx_word' id='word_1_114' title='bbox 116 2082 148 2136; x_wconf 76' lang='lat' dir='ltr'>st</span> <span class='ocrx_word' id='word_1_115' title='bbox 162 2084 236 2137; x_wconf 88' lang='lat' dir='ltr'>enim</span> <span class='ocrx_word' id='word_1_116' title='bbox 253 2101 309 2137; x_wconf 89' lang='lat' dir='ltr'>non</span> <span class='ocrx_word' id='word_1_117' title='bbox 322 2083 463 2137; x_wconf 76' lang='lat' dir='ltr'>vobiscum</span> <span class='ocrx_word' id='word_1_118' title='bbox 480 2101 555 2137; x_wconf 83' lang='lat' dir='ltr'>nune</span> <span class='ocrx_word' id='word_1_119' title='bbox 568 2083 712 2153; x_wconf 84' lang='lat' dir='ltr'>introisset,</span> <span class='ocrx_word' id='word_1_120' title='bbox 724 2101 776 2138; x_wconf 85' lang='lat' dir='ltr'>nee</span> <span class='ocrx_word' id='word_1_121' title='bbox 790 2102 837 2137; x_wconf 86' lang='lat' dir='ltr'>ros</span> <span class='ocrx_word' id='word_1_122' title='bbox 850 2084 949 2140; x_wconf 79' lang='lat' dir='ltr'>illiolb</span> 
     </span>
     <span class='ocr_line' id='line_1_17' title="bbox 116 2167 909 2240; baseline 0.001 -19"><span class='ocrx_word' id='word_1_123' title='bbox 116 2168 197 2221; x_wconf 90' lang='lat' dir='ltr'>hodie</span> <span class='ocrx_word' id='word_1_124' title='bbox 209 2167 336 2240; x_wconf 72' lang='lat' dir='ltr'>fuissetis</span> <span class='ocrx_word' id='word_1_125' title='bbox 373 2167 409 2221; x_wconf 86' lang='lat' dir='ltr'>Et</span> <span class='ocrx_word' id='word_1_126' title='bbox 422 2167 485 2221; x_wconf 89' lang='lat' dir='ltr'>ideo</span> <span class='ocrx_word' id='word_1_127' title='bbox 499 2168 562 2222; x_wconf 87' lang='lat' dir='ltr'>date</span> <span class='ocrx_word' id='word_1_128' title='bbox 577 2186 695 2239; x_wconf 84' lang='lat' dir='ltr'>operam,</span> <span class='ocrx_word' id='word_1_129' title='bbox 708 2175 739 2222; x_wconf 87' lang='lat' dir='ltr'>ut</span> <span class='ocrx_word' id='word_1_130' title='bbox 753 2168 811 2222; x_wconf 85' lang='lat' dir='ltr'>illie</span> <span class='ocrx_word' id='word_1_131' title='bbox 823 2170 909 2235; x_wconf 75' lang='lat' dir='ltr'>robis-</span> 
     </span>
     <span class='ocr_line' id='line_1_18' title="bbox 118 2250 907 2324; baseline 0.001 -18"><span class='ocrx_word' id='word_1_132' title='bbox 118 2271 181 2306; x_wconf 87' lang='lat' dir='ltr'>oum</span> <span class='ocrx_word' id='word_1_133' title='bbox 194 2259 360 2323; x_wconf 77' lang='lat' dir='ltr'>persereret:</span> <span class='ocrx_word' id='word_1_134' title='bbox 378 2255 421 2306; x_wconf 86' lang='lat' dir='ltr'>ita</span> <span class='ocrx_word' id='word_1_135' title='bbox 430 2250 477 2307; x_wconf 91' lang='lat' dir='ltr'>vos</span> <span class='ocrx_word' id='word_1_136' title='bbox 486 2254 554 2307; x_wconf 87' lang='lat' dir='ltr'>inde</span> <span class='ocrx_word' id='word_1_137' title='bbox 568 2255 699 2324; x_wconf 78' lang='lat' dir='ltr'>perducat</span> <span class='ocrx_word' id='word_1_138' title='bbox 711 2254 746 2307; x_wconf 89' lang='lat' dir='ltr'>ad</span> <span class='ocrx_word' id='word_1_139' title='bbox 759 2254 907 2307; x_wconf 86' lang='lat' dir='ltr'>dominum.</span> 
     </span>
     <span class='ocr_line' id='line_1_19' title="bbox 117 2330 909 2408; baseline 0 -17"><span class='ocrx_word' id='word_1_140' title='bbox 117 2337 223 2391; x_wconf 88' lang='lat' dir='ltr'>Domus</span> <span class='ocrx_word' id='word_1_141' title='bbox 235 2338 347 2407; x_wconf 90' lang='lat' dir='ltr'>quidem</span> <span class='ocrx_word' id='word_1_142' title='bbox 356 2338 458 2392; x_wconf 88' lang='lat' dir='ltr'>diaboli</span> <span class='ocrx_word' id='word_1_143' title='bbox 470 2345 510 2391; x_wconf 88' lang='lat' dir='ltr'>est</span> <span class='ocrx_word' id='word_1_144' title='bbox 522 2344 549 2391; x_wconf 92' lang='lat' dir='ltr'>et</span> <span class='ocrx_word' id='word_1_145' title='bbox 562 2339 698 2406; x_wconf 60' lang='lat' dir='ltr'>&#39;eareenin</span> <span class='ocrx_word' id='word_1_146' title='bbox 711 2355 765 2408; x_wconf 91' lang='lat' dir='ltr'>qua</span> <span class='ocrx_word' id='word_1_147' title='bbox 773 2330 909 2392; x_wconf 76' lang='lat' dir='ltr'>familiam</span> 
     </span>
     <span class='ocr_line' id='line_1_20' title="bbox 118 2422 911 2496; baseline 0.003 -21"><span class='ocrx_word' id='word_1_148' title='bbox 118 2440 195 2476; x_wconf 87' lang='lat' dir='ltr'>suam</span> <span class='ocrx_word' id='word_1_149' title='bbox 209 2423 342 2476; x_wconf 84' lang='lat' dir='ltr'>eontinet..</span> <span class='ocrx_word' id='word_1_150' title='bbox 373 2422 429 2476; x_wconf 81' lang='lat' dir='ltr'>Sed</span> <span class='ocrx_word' id='word_1_151' title='bbox 443 2440 490 2477; x_wconf 88' lang='lat' dir='ltr'>vos</span> <span class='ocrx_word' id='word_1_152' title='bbox 504 2422 566 2477; x_wconf 88' lang='lat' dir='ltr'>ideo</span> <span class='ocrx_word' id='word_1_153' title='bbox 580 2424 610 2475; x_wconf 88' lang='lat' dir='ltr'>in</span> <span class='ocrx_word' id='word_1_154' title='bbox 628 2441 762 2477; x_wconf 73' lang='lat' dir='ltr'>cernerem</span> <span class='ocrx_word' id='word_1_155' title='bbox 776 2425 911 2496; x_wconf 83' lang='lat' dir='ltr'>pervenis-</span> 
     </span>
     <span class='ocr_line' id='line_1_21' title="bbox 118 2509 952 2579; baseline 0.001 -16"><span class='ocrx_word' id='word_1_156' title='bbox 118 2512 199 2579; x_wconf 84' lang='lat' dir='ltr'>tis,ut</span> <span class='ocrx_word' id='word_1_157' title='bbox 207 2509 288 2563; x_wconf 91' lang='lat' dir='ltr'>illum</span> <span class='ocrx_word' id='word_1_158' title='bbox 296 2511 380 2564; x_wconf 90' lang='lat' dir='ltr'>etiam</span> <span class='ocrx_word' id='word_1_159' title='bbox 388 2510 417 2562; x_wconf 88' lang='lat' dir='ltr'>in</span> <span class='ocrx_word' id='word_1_160' title='bbox 424 2510 508 2564; x_wconf 90' lang='lat' dir='ltr'>domo</span> <span class='ocrx_word' id='word_1_161' title='bbox 518 2528 566 2564; x_wconf 85' lang='lat' dir='ltr'>sua</span> <span class='ocrx_word' id='word_1_162' title='bbox 577 2510 754 2565; x_wconf 86' lang='lat' dir='ltr'>oonouloetis:</span> <span class='ocrx_word' id='word_1_163' title='bbox 769 2511 825 2564; x_wconf 90' lang='lat' dir='ltr'>iam</span> <span class='ocrx_word' id='word_1_164' title='bbox 837 2512 910 2565; x_wconf 88' lang='lat' dir='ltr'>enim</span> <span class='ocrx_word' id='word_1_165' title='bbox 918 2518 952 2569; x_wconf 76' lang='lat'>20</span> 
     </span>
     <span class='ocr_line' id='line_1_22' title="bbox 119 2593 912 2669; baseline 0 -20"><span class='ocrx_word' id='word_1_166' title='bbox 119 2596 187 2650; x_wconf 80' lang='lat' dir='ltr'>foris</span> <span class='ocrx_word' id='word_1_167' title='bbox 199 2597 333 2669; x_wconf 77' lang='lat' dir='ltr'>congressi</span> <span class='ocrx_word' id='word_1_168' title='bbox 346 2596 581 2650; x_wconf 80' lang='lat' dir='ltr'>oeneuloaveratis.</span> <span class='ocrx_word' id='word_1_169' title='bbox 617 2596 683 2650; x_wconf 85' lang='lat' dir='ltr'>Non</span> <span class='ocrx_word' id='word_1_170' title='bbox 696 2615 760 2668; x_wconf 89' lang='lat' dir='ltr'>ergo</span> <span class='ocrx_word' id='word_1_171' title='bbox 774 2593 861 2651; x_wconf 78' lang='lat' dir='ltr'>dieat:</span> <span class='ocrx_word' id='word_1_172' title='bbox 876 2596 912 2649; x_wconf 89' lang='lat' dir='ltr'>In</span> 
     </span>
     <span class='ocr_line' id='line_1_23' title="bbox 119 2681 911 2752; baseline 0.001 -18"><span class='ocrx_word' id='word_1_173' title='bbox 119 2700 181 2736; x_wconf 88' lang='lat' dir='ltr'>meo</span> <span class='ocrx_word' id='word_1_174' title='bbox 192 2689 270 2752; x_wconf 77' lang='lat' dir='ltr'>sunt,</span> <span class='ocrx_word' id='word_1_175' title='bbox 282 2683 392 2737; x_wconf 85' lang='lat' dir='ltr'>tentabo</span> <span class='ocrx_word' id='word_1_176' title='bbox 406 2682 468 2736; x_wconf 90' lang='lat' dir='ltr'>illos</span> <span class='ocrx_word' id='word_1_177' title='bbox 482 2681 582 2736; x_wconf 86' lang='lat' dir='ltr'>vilibus</span> <span class='ocrx_word' id='word_1_178' title='bbox 596 2682 702 2751; x_wconf 81' lang='lat' dir='ltr'>inediis,</span> <span class='ocrx_word' id='word_1_179' title='bbox 713 2681 911 2736; x_wconf 78' lang='lat' dir='ltr'>deiectionibus</span> 
     </span>
     <span class='ocr_line' id='line_1_24' title="bbox 120 2767 912 2841; baseline 0 -21"><span class='ocrx_word' id='word_1_180' title='bbox 120 2774 168 2821; x_wconf 88' lang='lat' dir='ltr'>aut</span> <span class='ocrx_word' id='word_1_181' title='bbox 179 2768 293 2822; x_wconf 86' lang='lat' dir='ltr'>interse</span> <span class='ocrx_word' id='word_1_182' title='bbox 306 2769 521 2830; x_wconf 84' lang='lat' dir='ltr'>dissensionibus.</span> <span class='ocrx_word' id='word_1_183' title='bbox 543 2773 545 2775; x_wconf 80' lang='grc'><strong>’</strong></span> <span class='ocrx_word' id='word_1_184' title='bbox 557 2767 659 2840; x_wconf 83' lang='lat' dir='ltr'>Fugiat</span> <span class='ocrx_word' id='word_1_185' title='bbox 671 2775 845 2841; x_wconf 75' lang='lat' dir='ltr'>conspectum</span> <span class='ocrx_word' id='word_1_186' title='bbox 856 2785 912 2821; x_wconf 80' lang='lat' dir='ltr'>res-</span> 
     </span>
     <span class='ocr_line' id='line_1_25' title="bbox 58 2854 911 2924; baseline -0.001 -19"><span class='ocrx_word' id='word_1_187' title='bbox 58 2910 59 2913; x_wconf 11' lang='lat'><em>*</em></span> <span class='ocrx_word' id='word_1_188' title='bbox 120 2859 206 2922; x_wconf 70' lang='lat' dir='ltr'>trum,</span> <span class='ocrx_word' id='word_1_189' title='bbox 214 2860 242 2907; x_wconf 89' lang='lat' dir='ltr'>et</span> <span class='ocrx_word' id='word_1_190' title='bbox 255 2854 286 2906; x_wconf 85' lang='lat' dir='ltr'>in</span> <span class='ocrx_word' id='word_1_191' title='bbox 300 2855 356 2907; x_wconf 90' lang='lat' dir='ltr'>ima</span> <span class='ocrx_word' id='word_1_192' title='bbox 370 2873 418 2908; x_wconf 89' lang='lat' dir='ltr'>sua</span> <span class='ocrx_word' id='word_1_193' title='bbox 432 2854 571 2908; x_wconf 84' lang='lat' dir='ltr'>deliteseat</span> <span class='ocrx_word' id='word_1_194' title='bbox 586 2860 739 2908; x_wconf 79' lang='lat' dir='ltr'>contractus</span> <span class='ocrx_word' id='word_1_195' title='bbox 753 2861 781 2908; x_wconf 92' lang='lat' dir='ltr'>et</span> <span class='ocrx_word' id='word_1_196' title='bbox 795 2861 911 2924; x_wconf 81' lang='lat' dir='ltr'>torpens,</span> 
     </span>
     <span class='ocr_line' id='line_1_26' title="bbox 121 2936 912 3023; baseline 0 -34"><span class='ocrx_word' id='word_1_197' title='bbox 121 2942 252 3023; x_wconf 78' lang='lat' dir='ltr'>tanquam</span> <span class='ocrx_word' id='word_1_198' title='bbox 270 2937 553 2993; x_wconf 80' lang='lat' dir='ltr'>ooluberexoantatus</span> <span class='ocrx_word' id='word_1_199' title='bbox 571 2945 618 2992; x_wconf 90' lang='lat' dir='ltr'>aut</span> <span class='ocrx_word' id='word_1_200' title='bbox 636 2938 826 3009; x_wconf 83' lang='lat' dir='ltr'>effumigatus..</span> <span class='ocrx_word' id='word_1_201' title='bbox 851 2936 912 2990; x_wconf 84' lang='lat' dir='ltr'>Neo</span> 
     </span>
    </p>
   </div>
   <div class='ocr_carea' id='block_1_3' title="bbox 0 0 982 3312">
    <p class='ocr_par' dir='ltr' id='par_1_3' title="bbox 0 0 982 3312">
     <span class='ocr_line' id='line_1_27' title="bbox 0 0 982 3312; baseline 0 0"><span class='ocrx_word' id='word_1_202' title='bbox 0 0 982 3312; x_wconf 95' lang='lat' dir='ltr'> </span> 
     </span>
    </p>
   </div>
  </div>
 </body>
</html>
