1921 3312
184 581 265 657 DE
306 582 793 661 SPECTACULIS.
862 583 865 588 ’

131 850 154 902 Ι.
169 849 224 911 Qui
240 856 324 902 status
338 850 411 919 fidei,
421 869 490 920 quae
507 853 575 905 ratio
590 854 718 922 veritatis,
728 854 800 923 quod
812 871 886 923 prae-

95 935 225 1006 scriptum
237 935 394 1006 disciplinae
403 937 475 989 iuter
488 944 576 991 cetera
591 939 753 991 secularium
765 957 886 992 errorum

96 1022 178 1074 etiam
187 1022 401 1092 spectaculorum
410 1023 560 1094 voluptates
570 1025 680 1094 adimat,
689 1025 733 1078 dei
742 1026 818 1093 servi,
827 1043 887 1096 cog-

96 1109 207 1177 noscite,
217 1109 265 1179 qui
280 1127 342 1161 cum
357 1110 475 1162 maxime
491 1111 526 1163 ad
541 1111 623 1164 deum
638 1113 764 1164 acceditis
772 1130 779 1180 3
797 1130 887 1182 recog-

73 1196 267 1265 5noscite3qui
282 1197 338 1248 iam
357 1198 495 1250 accessisse
514 1216 559 1250 vos
577 1197 711 1251 testificati
726 1204 754 1250 et
772 1197 888 1250 confessi

97 1282 211 1349 estisne
224 1288 271 1334 aut
282 1283 432 1353 ignorando
445 1291 491 1336 aut
499 1284 699 1337 dissimulando
716 1285 775 1353 quis
787 1291 887 1354 peccet.

97 1367 185 1419 Tanta
195 1373 234 1420 est
244 1368 317 1420 enim
326 1369 366 1421 vis
377 1369 554 1439 voluptatum,
562 1377 592 1422 ut
605 1377 632 1423 et
640 1370 820 1441 ignorantiam
829 1388 888 1439 pro-

98 1454 163 1507 telet
172 1455 202 1506 in
214 1454 381 1507 occasionem
397 1462 424 1508 et
437 1456 627 1508 conscientiam
637 1462 790 1526 corrumpat
799 1456 828 1506 in
838 1455 888 1507 dis-

99 1540 305 1594 simulationem.
351 1541 400 1594 Ad
417 1548 562 1610 utrumque
584 1541 672 1594 adhuc
692 1540 785 1594 forsan
802 1529 889 1594 “alicui

56 1627 90 1677 io
98 1627 237 1697 opiniones
252 1627 421 1680 ethnicorum
433 1627 617 1695 blandiuntur,
627 1628 675 1697 qui
687 1627 717 1679 in
730 1628 782 1680 ista
797 1646 889 1680 caussa

99 1712 224 1765 adversus
244 1730 293 1766 nos
316 1714 355 1766 ita
376 1714 560 1785 argumentari
579 1720 788 1766 consueverunt:
811 1713 890 1766 Nihil

99 1799 251 1869 obstrepere
263 1799 388 1869 religioni
401 1799 431 1850 in
444 1799 534 1851 animo
547 1805 574 1851 et
589 1800 752 1852 conscientia
764 1805 839 1851 tanta
852 1817 890 1851 so-

99 1883 165 1936 latia
174 1885 338 1937 extrinsecus
350 1884 490 1951 oculorum
499 1884 543 1937 vel
552 1885 667 1951 aurium,
674 1902 725 1936 nec
735 1902 798 1937 vero
808 1884 890 1936 deum

101 1968 203 2022 offendi
222 1970 399 2023 oblectatione
417 1970 611 2039 hominisque
629 1969 702 2022 salvo
724 1987 788 2040 erga
809 1970 891 2022 deum

59 2055 92 2106 15
102 2061 177 2107 metu
192 2061 219 2107 et
236 2055 337 2108 honore
352 2073 400 2108 suo
418 2056 448 2106 in
462 2054 583 2126 tempore
602 2061 629 2107 et
644 2072 691 2107 suo
709 2055 739 2106 in
757 2055 817 2107 loco
834 2049 891 2106 frui

101 2140 187 2193 scelus
201 2159 257 2194 non
276 2142 317 2193 sit.
354 2141 462 2211 Atquin
478 2140 530 2193 hoc
549 2159 612 2193 cum
629 2141 747 2193 maxime
765 2158 891 2211 paramus

101 2227 293 2295 demonstrare,
306 2227 537 2297 quemadmodum
551 2226 652 2280 isthaec
667 2244 722 2280 non
738 2234 892 2298 competant

100 2331 179 2366 verae
194 2313 319 2384 religioni
334 2320 361 2366 et
375 2331 438 2366 vero
458 2313 585 2383 obsequio
604 2331 669 2384 erga
687 2313 768 2366 deum
787 2332 890 2367 verum.
948 2380 951 2385 ι

103 2398 172 2451 Sunt
182 2400 229 2469 qui
238 2400 391 2452 existiment
404 2398 576 2467 Christianos,
587 2399 744 2470 expeditum
758 2401 838 2453 morti
848 2419 892 2471 ge-

60 2486 95 2536 20
103 2501 160 2551 nus,
173 2485 208 2537 ad
222 2484 293 2537 hanc
311 2485 518 2538 obstinationem
537 2485 707 2538 abdicatione
721 2485 892 2554 voluptatum
905 2483 909 2494 ’

103 2570 212 2637 erudiri,
231 2588 284 2639 quo
307 2569 415 2623 facilius
439 2571 525 2622 uitam
550 2576 724 2622 contemnant
748 2571 892 2639 amputatis

104 2655 180 2726 quasi
198 2655 351 2707 retinaculis
369 2656 434 2722 eius,
449 2673 483 2707 ne
502 2656 661 2722 desiderent,
677 2673 760 2724 quam
778 2656 834 2706 iam
852 2674 893 2708 si-

102 2760 265 2813 perracuam
286 2741 338 2794 sibi
356 2739 485 2793 fecerint:
504 2747 535 2792 ut
555 2740 607 2792 hoc
629 2740 739 2792 consilio
757 2741 845 2810 potius
867 2749 893 2794 et

102 2828 222 2881 humano
237 2833 387 2898 prospectu,
395 2843 450 2879 non
465 2826 558 2878 divino
572 2825 735 2896 praescripto
751 2825 893 2880 definitum

103 2916 278 2969 existimetur.
315 2912 431 2984 Pigebat
444 2912 545 2966 scilicet
558 2911 641 2965 etiam
653 2919 851 2982 perseverantes
863 2914 893 2966 in
