1921 3312
84 106 118 156 30
259 120 301 161 Qu.
316 119 384 155 surr.
399 119 474 155 riou.
487 120 694 157 unarunnmnus.

84 248 158 301 statis
171 253 198 299 et
209 246 331 318 publicos
340 243 429 300 hostes
444 248 530 301 omnis
542 248 623 302 homo
635 244 713 301 miles
728 245 774 316 est,
784 246 819 300 ad
832 261 876 299 so:

84 334 145 400 cios,
155 333 190 384 ad
200 333 320 386 conscios
332 350 417 403 usque
429 334 568 404 inquisitio
581 335 741 388 extenditur.
776 331 875 386 Solum

84 418 269 471 Christianum
277 419 380 490 inquiri
388 437 444 472 non
453 420 525 488 licet,
533 420 623 473 offerri
632 421 704 489 iicet,
712 420 788 491 quasi
797 418 872 471 aliud

84 512 151 559 esset
163 512 257 557 actura
268 505 415 575 inquisitio,
426 523 507 575 quam
520 506 693 559 oblationem.
729 505 873 559 Damnatis

60 597 75 649 5
85 609 148 662 ergo
161 591 290 658 oblatum,
300 608 382 661 quem
396 609 476 644 nemo
489 591 575 644 voluit
586 592 752 661 requisitum,
763 592 817 661 qui,
826 588 877 660 prr-J

84 685 121 746 te,
130 679 186 731 iam
197 694 254 731 non
265 677 326 730 ideo
338 677 437 730 meruit
449 679 647 748 poenamquia
658 695 756 731 nocens
769 684 816 745 est,
826 677 875 739 sed-

86 765 158 833 quia,
170 781 226 816 non
243 763 427 833 requirendus,
439 764 563 815 inuentus
581 771 628 816 est.
665 762 763 833 Itaque
780 762 873 815 necin

85 850 133 901 iilo
146 866 180 900 ex
188 848 279 901 fornia
291 848 425 900 malorum
434 849 641 901 iudicandorum
653 849 733 919 agitis
745 866 809 919 erga
818 865 874 915 1155,

85 934 159 1003 quod
171 934 265 986 ceteris
277 934 439 1005 negantibus
453 933 586 987 adhibetis
599 941 733 987 tormenta
747 934 782 986 ad
795 932 876 986 eonfi-

43 1028 77 1080 10
85 1020 207 1087 tendum,
219 1019 282 1073 solis
295 1018 453 1072 Christianis
467 1019 503 1072 ad
514 1020 685 1091 negandum3
700 1037 771 1087 cum,
783 1020 806 1071 si
820 1035 878 1071 ma·

86 1104 145 1157 ium
160 1113 235 1173 esset,
247 1123 295 1158 nos
310 1105 420 1175 quidem
436 1123 603 1176 negaremus,
614 1123 659 1159 vos
674 1124 738 1159 vero
754 1104 879 1158 confiteri.

86 1192 226 1257 tormentis
239 1190 439 1260 compelleretis.
476 1190 573 1260 Neque
587 1192 661 1243 enim
673 1191 734 1244 ideo
746 1190 875 1260 putaretis

86 1293 140 1328 non
152 1276 314 1345 requirenda
326 1276 525 1345 quaestionibus
538 1276 645 1344 scelera,
656 1277 719 1346 quia
732 1277 798 1330 certi
810 1294 876 1329 esse-

86 1362 120 1413 tis
139 1361 247 1415 admitti
265 1367 297 1414 ea
311 1379 346 1415 ex
361 1363 478 1415 nominis
498 1362 673 1430 confessione,
686 1364 734 1433 qui
747 1362 875 1416 hodie‘de

45 1440 208 1507 15confesso
223 1448 366 1516 homicida,
379 1449 491 1501 scientes
506 1448 683 1502 homicidium
702 1449 767 1519 quid
783 1449 878 1517 sit,·ni-

86 1535 232 1589 hiiominus
247 1535 369 1587 ordinem
384 1536 547 1604 extorquetis
562 1535 687 1602 admissi,
706 1553 759 1605 quo
771 1535 879 1605 parrer·

86 1622 147 1689 sius,
161 1639 223 1673 cum
237 1621 413 1690 praesumatis
426 1620 460 1673 dc
475 1620 618 1673 sceleribus
632 1622 728 1674 nostris
743 1639 777 1673 ex
790 1621 877 1690 norni-

85 1708 127 1759 nis
139 1705 313 1774 ooniessione,
323 1707 569 1777 cogitis'tormentis
578 1707 612 1759 de
624 1705 791 1759 confessione
801 1707 877 1759 deee-

86 1793 157 1859 dere,
169 1799 200 1844 ut
217 1794 347 1862 negantes
364 1809 464 1844 nomen
478 1792 579 1861 pariter
593 1793 687 1862 utique
705 1810 834 1862 negemus
849 1799 877 1844 et

46 1878 195 1944 20scelera,
204 1877 239 1929 de
251 1877 349 1944 quibus
363 1894 398 1928 ex
412 1875 580 1928 confessione
594 1876 711 1929 nominis
725 1894 877 1946 praesump-

86 1962 186 2014 seratis.
225 1959 287 2028 Sed,
298 1961 400 2031 opinor,
411 1978 467 2012 non
480 1960 561 2013 vultis
573 1979 621 2013 nos
636 1962 730 2031 perire,
740 1979 806 2030 quos
820 1979 878 2031 pes-

87 2048 169 2101 simos
187 2046 302 2099 creditis.
340 2045 386 2099 Sic
404 2047 478 2098 enim
497 2046 587 2100 soletis
602 2047 691 2100 dicere
709 2047 876 2101 homicidae:

87 2153 157 2206 nega
165 2152 178 2202 3>
190 2134 288 2187 laniari
299 2134 392 2186 iubere
408 2134 576 2205 sacrilegum,
586 2134 608 2187 si
623 2133 744 2188 confiteri
756 2140 877 2204 'perseve-

86 2221 194 2274 raverit
233 2219 263 2273 Si
281 2238 335 2273 non
354 2220 394 2273 ita
412 2221 491 2291 agitis
512 2221 583 2273 circa
600 2239 649 2273 nos
667 2227 800 2288 nocentes,
814 2240 877 2292 crgo

45 2311 78 2361 25
87 2325 135 2359 nos
146 2306 377 2359 innocentissimos
389 2306 522 2374 iudicatis
532 2324 595 2358 cum
608 2307 684 2376 quasi
695 2307 878 2360 innoeendssis

87 2410 146 2444 mos
162 2410 218 2444 non
232 2392 313 2444 vultis
328 2393 357 2443 in
372 2410 403 2444 ea
422 2391 587 2445 confessione
605 2401 783 2461 perseverare,
796 2411 879 2462 quam

87 2476 252 2546 necessitate,
264 2494 322 2528 non·
336 2477 439 2528 iustitia
454 2476 637 2529 damnandam
656 2495 672 2528 a
686 2478 762 2530 uobis
781 2478 877 2529 sciatis,

87 2559 265 2613 Vociferatur
278 2560 375 2612 hoino:
394 2559 569 2635 Christianus
579 2579 646 2613 sum.
684 2561 766 2622 Quod
783 2569 822 2614 est
840 2562 878 2614 di-

89 2647 141 2714 cit;
163 2652 193 2697 tn
211 2646 252 2697 uis
273 2645 374 2712 audire,
391 2645 463 2714 quod
483 2663 538 2697 non
560 2651 613 2698 est
642 2645 878 2700 Veritatisextor-

46 2731 214 2802 aequandae
228 2730 371 2801 praesides,
381 2730 415 2782 de
429 2730 506 2783 nobis
524 2730 586 2782 solis
601 2731 774 2784 mendacium
792 2732 879 2785 elabo-

89 2819 154 2872 ratis
166 2817 267 2871 audire.
302 2814 366 2869 'Hoc
378 2833 446 2883 suin,
456 2816 552 2885 inquit,
563 2816 635 2885 quod
645 2817 757 2885 quaeriS,
768 2835 802 2870 an
814 2817 865 2870 sim
871 2836 878 2886 3

90 2904 156 2975 quid
168 2922 213 2956 nie
224 2890 332 2972 torques
344 2902 374 2953 in
385 2901 559 2972 perversum?
572 2900 707 2970 confiteor,
717 2909 744 2956 et
756 2909 863 2974 torques
871 2923 882 2973 3,
