1921 3312
106 126 140 177 28
281 140 325 184 ou
339 140 409 176 surr.
422 139 498 176 naon.
512 139 719 176 rnnrummnus

105 276 158 337 tur,
167 269 214 322 sed
226 267 342 339 amplius
355 268 512 338 acquiratur
524 269 559 322 ad
570 268 804 340 perseverantiam,
813 266 895 319 etiam

105 355 222 407 iustitiae
234 355 318 425 ipsius
331 354 497 408 auctoritate.
535 355 590 408 Sed
601 359 656 408 non
667 355 737 423 ideo,
746 354 842 424 inquit,
851 354 896 405 bo-

105 458 180 508 num,
197 441 261 510 quia
280 440 380 493 multos
400 441 555 493 convertit·
575 438 677 501 Quanti
697 441 769 492 enirn
780 439 825 509 ¹ad
842 456 897 490 ma-

106 525 165 578 lum
177 524 402 597 praeformantur,
411 527 505 596 quanti
515 524 673 597 transfugae
684 527 714 578 in
725 524 897 597 perversum?

84 610 176 676 5Quis
187 613 286 683 negati
304 619 397 665 tamen
407 612 479 682 qnod
489 630 550 665 vere
562 612 666 665 malurn
675 618 721 679 est,
730 630 765 664 ne
777 611 829 682 ipsi
841 611 898 680 qui-

108 698 179 765 dem,
189 716 256 768 quos
267 699 346 768 rapit,
355 696 502 750 defendere
516 715 565 768 pro
577 698 648 750 bono'
663 697 771 749 audent.
809 696 898 748 Omne
955 742 957 745 .

108 783 212 835 malum
225 789 272 835 ant
283 784 380 834 timore
396 789 443 834 aut
454 782 557 851 pudore
571 788 667 833 natura
679 770 810 851 perfudit
844 780 898 833 De-

108 869 191 937 nique
205 866 322 920 malefici
336 867 454 938 gestiunt
466 867 560 934 latere,
568 867 689 919 devitant
704 883 839 936 apparere,
848 872 899 918 tre-

107 954 203 1025 pidant
218 953 385 1024 deprehensi,
398 959 499 1024 negant
518 952 643 1020 accusati,
656 969 691 1005 ne
709 952 773 1005 torti
788 951 899 1021 quidem

67 1055 102 1105 10
109 1040 191 1094 facile
201 1048 248 1094 aut
257 1038 547 1111 sempe1··confitentur·;
567 1045 639 1091 certe
649 1038 819 1091 condemnati
829 1055 900 1090 moe-

110 1133 185 1193 rent,
203 1126 376 1179 dinumerant
388 1126 418 1177 in
432 1125 594 1194 semetipsos,
604 1124 702 1176 mentis
717 1123 804 1175 maiae
817 1123 900 1193 impe-

110 1219 154 1264 tus
167 1212 211 1264 vei
225 1211 283 1264 fato
298 1212 343 1264 rel
358 1212 434 1264 astris
448 1213 600 1282 imputant,
618 1212 716 1277 nolunt
730 1212 803 1264 enirn
821 1228 901 1263 suum

110 1316 174 1366 esse,
185 1298 257 1369 quod
269 1298 373 1351 malum
385 1305 540 1370 agnoscunt.
578 1296 743 1351 Christianos
752 1315 823 1365 vero,
831 1295 901 1348 nihii

111 1385 199 1438 simile
207 1403 221 1453 3-
232 1385 369 1438 nerninem
378 1385 470 1455 pudet,
478 1385 615 1437 neminem
624 1384 750 1454 poenitet,
760 1384 811 1436 nisi
821 1382 901 1453 plane

71 1482 103 1532 15
112 1478 183 1523 retro
197 1489 252 1523 non
264 1471 355 1523 fnisse.
394 1470 423 1523 si
436 1471 586 1538 denotatur,
595 1471 741 1541 gloriatur,
760 1471 782 1522 si
797 1472 901 1522 accusa-

111 1563 163 1623 tur,
176 1574 230 1608 non
246 1554 385 1622 defendit,
404 1556 582 1626 interrogatus
597 1555 641 1608 vel
655 1555 726 1608 nitro
745 1553 901 1622 confitetur3

112 1641 254 1694 damnatus
267 1640 367 1712 gratias
383 1641 446 1713 agit.
484 1639 559 1703 Quid
570 1640 622 1695 hoc
635 1641 703 1695 ‘rnali
715 1648 761 1710 est,
772 1641 844 1712 quod
854 1659 902 1694 na-

111 1736 201 1781 turam
219 1728 286 1781 mali
304 1746 360 1781 non
374 1727 463 1796 habet,
476 1729 611 1797 timorem,
623 1728 763 1799 pudorem,
776 1728 902 1800 tergiver-

40 1837 42 1839 ·
112 1816 251 1882 sationem,
272 1815 474 1884 poenitentiam,
493 1815 722 1885 deplorationem?
760 1811 902 1876 Quidum

71 1900 180 1959 20maii
197 1906 245 1967 est,
259 1900 333 1951 cuius
352 1917 413 1952 reus
431 1900 548 1970 gaudet?
567 1901 642 1952 cuius
661 1900 793 1951 accusatio
808 1905 903 1951 votum

98 1977 100 1981 ⁸
114 1991 161 2052 est,
171 1991 198 2037 et
206 2003 294 2055 poena
302 1984 435 2038 felicitas?
472 1984 537 2037 Non
545 1991 621 2054 potes
631 1984 795 2037 dementiam
805 1979 902 2052 dicere,

114 2072 162 2142 qui
174 2071 318 2125 revinceris
330 2071 462 2143 ignorare.
613 2070 615 2074 ’
747 2066 749 2072 ’
805 2064 807 2068 ’

150 2157 189 2211 Π.
204 2157 234 2211 Si
249 2165 353 2211 certum
371 2165 410 2211 est
426 2158 543 2228 deniqne
558 2176 613 2212 nos·
624 2159 824 2213 nocentissimos
837 2160 903 2227 esse,

113 2263 163 2297 cur
174 2263 190 2297 a
202 2246 278 2298 uobis
292 2245 355 2315 ipsis
370 2245 449 2297 aliter
460 2252 614 2313 tractamur,
624 2263 707 2314 quam
721 2264 798 2315 pares
812 2246 903 2313 nostri,

72 2330 143 2385 naid
161 2337 201 2382 est
219 2331 301 2382 ceteri
319 2330 463 2382 nocentes?
483 2348 545 2382 cum
566 2330 687 2382 eiusdem
704 2348 790 2383 noxae
809 2331 911 2383 eadem

113 2415 236 2468 tractatio
249 2415 358 2468 deberet
369 2415 540 2468 intervenire.
579 2414 766 2486 Quodcunque
780 2415 903 2484 dicimur,

115 2519 179 2553 curn
191 2501 238 2553 alii
247 2501 381 2569 dicuntur,
391 2508 418 2554 et
430 2502 537 2572 proprio
550 2520 596 2555 ore
608 2509 635 2555 et
647 2502 814 2555 mercenaria
826 2502 905 2555 advo-

116 2587 221 2639 catione
239 2592 353 2638 utuntur
371 2587 407 2638 ad
424 2587 594 2639 innocentiae
615 2604 679 2639 suae
697 2584 905 2640 commendatio-

114 2688 186 2723 nem.
217 2670 416 2740 Respondendi,
427 2671 573 2723 altercandi
580 2669 698 2722 facultas
706 2672 789 2740 patet,
797 2672 905 2740 qnando

74 2765 107 2814 30
115 2773 166 2808 nec
180 2754 261 2807 liceat
279 2753 433 2807 indefensos
452 2761 479 2807 et
496 2755 631 2812 inauditos
649 2755 763 2808 omnino·
774 2755 904 2808 damnari.

115 2841 170 2897 Sed
178 2841 336 2895 Christianis
345 2840 408 2894 sotis
417 2836 906 2911 nihiipermittiturioqui,quodcaus-

114 2932 172 2987 sam
186 2930 292 2999 pnr⁴get,
305 2927 378 2997 quod
392 2927 539 2995 ueritatem
549 2925 687 2995 defendat,
700 2927 773 2995 quod
786 2928 905 2983 iudicem
