1921 3312
93 105 129 163 32
269 120 312 163 on.
327 120 396 158 surr..
409 120 485 156 raon.
493 118 706 159 rnamnumuus

12 315 16 321 Ι
93 247 202 320 potestis
214 264 269 299 non
281 246 366 300 scelus
379 246 490 318 aliquod
498 247 528 300 in
540 266 632 302 caussa
644 252 707 316 esse,
716 246 763 301 sed
774 265 882 318 nomen,

94 334 167 404 quod
180 333 315 402 quaedam
328 334 397 387 ratio
413 334 535 399 aemulae
551 334 712 405 operationis
727 334 883 405 insequitur,

93 419 146 472 hoc
157 419 277 490 primum
290 437 379 490 agene,
390 427 420 473 ut
429 419 551 473 homines
563 421 650 473 nolint
663 421 729 474 scire
743 438 791 492 pro
805 427 884 489 cert0,

74 520 75 524 ¹
95 505 168 575 quod
176 522 204 557 se
215 506 319 558 nescire
331 523 380 577 pro
393 512 465 559 certo
478 507 573 559 sciunt.
610 505 677 560 Ideo
690 514 717 559 et
729 508 842 561 credunt
851 508 886 561 de

73 592 172 656 5nobis
188 609 256 661 quae
271 609 326 644 non
339 593 495 662 probantur,
507 599 534 645 et
548 592 644 645 nolunt
657 594 766 663 inquiri,
778 613 813 648 ne
827 613 886 665 pro-

95 679 194 730 bentur
208 695 263 730 nou
282 696 345 746 esse,
361 692 433 747 quae
448 678 554 731 malunt
573 678 647 732 credi
666 675 729 748 esse,
743 687 773 732 ut
787 698 887 734 nomen

96 763 170 816 illius
192 764 314 816 aemulae
335 764 445 816 rationis
467 764 617 832 inimicum,
632 768 817 836 praesumptio,
831 785 887 820 non

96 849 215 919 probatis
234 849 399 924 criminibus,
407 850 443 906 de
458 867 506 901 sua
524 849 581 902 sola
597 850 764 914 confessione
779 852 888 905 damne-

97 942 148 987 tur.
185 934 252 988 ldco
267 941 425 1004 torquemur
440 933 604 1004 confitentes,
619 942 646 988 et
660 937 789 1007 punimur
802 955 889 1008 perse-

57 1032 91 1084 10
98 1027 228 1088 verantes,
237 1027 265 1073 et
280 1021 442 1073 absolvimur
457 1028 595 1091 negantes,
605 1022 669 1092 quia
683 1022 800 1075 nominis
814 1041 889 1094 proe-

98 1107 168 1161 lium
189 1114 236 1160 est.
273 1106 400 1177 Denique
420 1108 487 1177 quid
502 1108 536 1161 de
554 1108 655 1161 tabella
675 1109 793 1162 recitatis
810 1109 890 1162 illum

100 1192 292 1266 Christianum,
306 1211 354 1245 cur
370 1211 426 1246 non
445 1200 472 1247 et
484 1194 667 1247 homicidam?
705 1193 735 1247 Si
753 1194 890 1248 homicida

98 1278 275 1347 Christianus,
294 1278 342 1332 cur
363 1298 419 1333 nou
440 1288 468 1333 et
488 1281 623 1334 incestusl
645 1281 690 1333 rel
711 1281 890 1351 quodcunque

100 1365 175 1425 aliud
187 1382 236 1418 uos
251 1382 307 1418 esse
322 1365 447 1420 creditis-2
484 1364 608 1438 innubis
620 1366 682 1419 solis
697 1367 782 1435 pudet
794 1373 841 1419 aut
852 1367 891 1436 pi-

58 1458 92 1508 15
100 1457 147 1522 get
158 1451 222 1521 ipsis
234 1451 388 1503 nominibus
400 1450 530 1503 scolarum
542 1451 715 1521 pronuntiare
725 1454 734 1506 2
767 1450 891 1504 Christia-

100 1556 151 1591 nus
169 1538 192 1590 si
206 1538 307 1590 nullius
322 1537 442 1590 criminis
459 1555 521 1589 reus
539 1543 586 1604 est,
598 1554 697 1590 nomen
712 1537 791 1590 valde
809 1536 891 1591 infes-

100 1631 166 1692 tum,
177 1625 199 1676 si
212 1624 294 1678 solius
307 1624 422 1676 nominis
437 1623 538 1675 crimen
552 1629 597 1676 est.

135 1709 190 1763 ΙΠ.
204 1710 296 1773 Quidl
315 1709 388 1779 quod
399 1710 438 1763 ita
450 1708 573 1779 plerique
588 1708 783 1762 clausisoculis
794 1709 893 1762 inodi-
954 1714 958 1718 ’

100 1816 148 1850 um
161 1798 217 1850 eius
229 1798 393 1868 impingunt,
403 1803 433 1848 ut
444 1796 548 1848 bonum
563 1794 646 1847 alicui
655 1795 842 1869 testimonium
853 1794 893 1848 fe-

59 1887 93 1938 20
101 1890 190 1936 rentes
212 1883 377 1935 admisceant
394 1880 511 1933 nominis
533 1881 781 1949 exprobrationem:
801 1879 894 1932 Bonus

102 1969 146 2021 uir
170 1967 251 2020 Gaius
276 1967 361 2035 Seius,
379 1971 486 2018 tantum
511 1956 585 2034 quod
609 1963 782 2018 Christianus.
821 1964 893 2018 Item

103 2054 187 2107 alius:
205 2053 265 2124 Ego
282 2054 366 2105 miror
380 2050 494 2104 Lucium
514 2050 662 2121 sapientem
678 2050 767 2102 uirum
785 2058 894 2121 repente

102 2138 209 2193 factum
224 2138 414 2192 Christianum.
451 2136 541 2190 Nemo
560 2135 817 2189 retractatzvNonne
830 2137 895 2190 ideo

102 2226 189 2280 bonus
211 2225 299 2293 Caius,
316 2231 343 2277 et
363 2223 481 2294 prudens
502 2221 609 2290 Lucius,
627 2223 691 2292 quia
713 2221 895 2276 Christianus?
950 2280 952 2284 ,

60 2316 149 2367 25aut
163 2312 224 2365 ideo
240 2310 415 2377 Christianus,
429 2310 493 2378 quia
509 2308 627 2379 prudens
646 2315 673 2360 et
688 2308 792 2361 bonust
828 2307 896 2361 Lau·

104 2398 170 2450 dant
179 2415 247 2466 quae
260 2397 355 2464 sciunt,
364 2396 518 2465 vituperant
527 2412 595 2465 quae
607 2395 741 2465 ignorant,
749 2401 776 2446 et
785 2395 813 2447 id
824 2394 897 2463 quod

104 2483 200 2550 sciunt,
210 2500 241 2535 eo
254 2482 326 2551 quod
334 2482 468 2552 ignorant,
477 2488 666 2551 corrumpunt,
685 2499 748 2532 cum
760 2481 794 2532 sit
803 2481 897 2533 iustius

46 2621 49 2626 .
104 2568 210 2622 occulta
229 2567 263 2620 dc
278 2565 429 2619 manifestis
446 2566 638 2636 praeiudicare,
652 2584 734 2635 quam
753 2563 898 2618 manifesta

105 2654 140 2708 de
155 2653 267 2708 occultis
281 2652 482 2723 praedamnare.
518 2650 667 2720 Alii,'quos
682 2657 753 2703 retro
769 2656 832 2703 ante
847 2649 898 2704 hoc

62 2748 203 2797 conamen
219 2756 309 2810 uagos,
318 2738 393 2805 viles,
401 2736 538 2807 improbos
552 2742 690 2804 noverant,
701 2753 735 2788 ex
748 2735 806 2806 ipso
820 2735 899 2790 deno-

104 2835 171 2897 tant,
188 2844 241 2897 quo
259 2824 386 2891 laudant;
405 2822 533 2876 caecitate
553 2821 609 2874 odii
624 2821 655 2873 in
674 2819 838 2893 suffragiumv
850 2823 899 2874 im-

103 2914 229 2985 pingunt.
263 2908 340 2973 Quae
351 2908 462 2962 mulier!
482 2925 564 2978 quam
575 2906 682 2975 lasciva,
692 2925 774 2977 quam
787 2906 898 2962 festival
