1921 3312
270 532 720 655 Aron-ocurrcus

196 717 359 764 Annuusus
374 696 495 763 currus
510 712 571 763 ruo
588 695 793 765 onarsrmius.

101 965 104 967 -
133 931 156 985 Ι.
171 931 200 986 Si
214 950 269 986 non
283 932 348 986 licet
363 933 445 1000 vobis,
455 932 573 986 Romani
589 934 697 1003 imperii
713 933 891 1001 antistitesiu

98 1026 190 1089 aperto
205 1017 232 1072 et
247 1020 320 1072 edito
332 1020 389 1089 ipso
401 1018 461 1071 fere
473 1021 573 1071 vertice
590 1020 705 1072 civitatis
718 1020 892 1089 praesidenti-

98 1105 197 1156 busad
208 1103 392 1170 iudicandum,
402 1104 493 1173 palam
508 1104 638 1173 dispicere
651 1112 678 1157 et
691 1122 781 1157 coram
794 1105 892 1166 exami-

99 1207 172 1258 nare,
181 1189 250 1260 „quid
263 1189 297 1243 sit
309 1188 413 1259 liquido
425 1189 454 1242 in
471 1208 562 1243 caussa
571 1189 804 1259 -Ohristianorum3
823 1191 845 1245 si
857 1191 893 1244 ad

6 1322 8 1324 .
75 1276 171 1342 5hanc‘
182 1276 267 1328 solam
280 1277 395 1345 speciem
410 1277 552 1329 auctoritas
561 1284 649 1329 restra
662 1277 695 1329 de
704 1277 821 1330 iustitiae
834 1277 893 1329 dili·
954 1332 955 1335 Ἴ

99 1361 192 1430 gentia
205 1360 235 1411 iu
249 1360 358 1430 publico
377 1368 423 1412 aut
438 1362 516 1412 timet
535 1368 581 1412 aut
599 1362 731 1414 erubescit
745 1362 892 1430 inquirere:

64 1484 65 1488 ,
91 1446 123 1500 ,si
138 1445 263 1516 denique,
278 1446 349 1517 quod
364 1446 485 1517 proxime
501 1447 608 1515 accidit>
621 1448 773 1501 domesticis
787 1434 894 1501 iudiciis

99 1534 181 1586 nimis
200 1541 310 1604 operata
332 1533 419 1586 sectae
437 1532 517 1585 huius
535 1532 673 1587 infestatio
692 1534 805 1586 obstruit
820 1534 894 1586 riam

100 1619 265 1684 defensioni:
284 1620 365 1672 liceat
382 1619 489 1670 veritati
506 1619 550 1670 vel
567 1619 676 1670 occulta
688 1620 733 1670 via
750 1620 894 1671 tacitarum

57 1704 91 1756 10
99 1704 251 1759 litterarum
265 1705 301 1758 ad
317 1721 395 1757 aures
409 1710 510 1757 vestras
524 1692 671 1774 pervenire.
708 1703 788 1757 Nihil
799 1705 847 1757 illa
861 1705 895 1757 de

101 1810 194 1846 caussa
202 1791 251 1845 sua
260 1790 426 1861 deprecatur,
435 1791 498 1859 quia
507 1808 557 1842 nec
567 1789 600 1842 dc
611 1790 763 1842 conditione
773 1787 894 1843 miratur.

102 1876 160 1929 Scit
172 1894 202 1929 se·
209 1876 382 1946 ‘peregrinam
392 1875 421 1925 iu
435 1875 512 1926 terris
527 1892 614 1943 agere,
624 1875 694 1926 inter
706 1875 845 1926 extraneos
856 1873 896 1926 ia-

102 1962 154 2014 cile
170 1962 293 2014 inimicos
309 1960 438 2027 inuenire,
453 1965 573 2012 ceterum
591 1976 684 2029 genus,
699 1959 798 2028 sedem,
813 1978 896 2030 spem,

102 2047 227 2120 gratiam,
239 2048 401 2119 dignitatem
418 2047 447 2098 in
465 2043 546 2099 coelis
561 2045 676 2111 habere„
706 2045 800 2099 Unum
814 2049 898 2118 >gestit

60 2133 94 2184 15
103 2134 247 2200 interdum,
257 2151 291 2185 ne
304 2133 427 2203 ignorata
441 2131 590 2184 damnetur.
631 2129 704 2191 Quid
716 2131 780 2183 hinc
794 2132 898 2202 deperit

102 2219 208 2291 legibus
220 2219 250 2269 in
262 2235 310 2270 suo
323 2234 406 2289 regno
419 2216 629 2283 dominantibus,
639 2216 662 2268 si
676 2217 818 2270 audiatur?
851 2217 899 2292 An

102 2306 153 2359 hoc
162 2305 250 2376 magis
262 2304 423 2375 gloriabitur
434 2309 550 2374 potestas
565 2321 665 2371 earum,
675 2303 746 2373 quod
760 2305 842 2357 etiam
855 2323 899 2358 au-

104 2392 189 2443 ditam
213 2391 381 2442 damnabunt
399 2388 559 2441 veritatemi
601 2387 729 2441 Ceterum
747 2390 900 2442 inauditam

104 2476 127 2526 si
146 2475 282 2541 damnent,
297 2479 402 2543 practer
419 2474 552 2526 inuidiam
570 2474 720 2543 iniquitatis
744 2475 827 2526 etiam
847 2492 900 2527 sus-

63 2560 241 2632 20piciouem
255 2559 431 2611 merebuntur
448 2558 561 2610 alicuius
579 2559 765 2626 conscientiae,
780 2559 900 2613 nolentes
931 2553 933 2556 ’

106 2646 207 2713 audire,
221 2644 294 2714 quod
312 2643 438 2696 auditum
455 2643 583 2695 damnare
601 2644 781 2711 nonpossint.
819 2643 901 2698 Hanc

105 2732 197 2801 itaque
211 2730 329 2799 primam
344 2745 463 2780 caussam
478 2728 552 2797 apud
563 2745 610 2779 uos
626 2728 787 2781 collocamus
803 2729 901 2800 iniqui-

106 2819 168 2872 tatis
184 2817 240 2871 odii
252 2834 315 2887 erga
327 2831 427 2884 nomen
440 2812 662 2877 Christianorum.
701 2813 790 2877 Quam
803 2816 900 2888 iniqui-

106 2911 190 2958 tatem
205 2903 278 2957 idem
293 2901 387 2954 titulus
400 2907 427 2953 et
440 2906 533 2954 onerat
557 2906 584 2952 et
597 2900 717 2969 revincit,
731 2902 778 2970 qui
793 2903 901 2958 videtin*
