1921 3312
110 112 144 164 88
284 125 325 167 QU.
340 123 408 158 SEPT.
422 122 497 158 FLOR.
510 121 718 158 TERTULLIANUS.

109 270 163 306 nou
176 253 271 303 decent
281 251 290 302 l
328 247 383 310 Qui
393 249 535 318 observant
548 249 721 318 disciplinam.
731 248 764 300 de
775 248 896 307 Caesaris

108 343 238 406 respectu,
247 333 278 386 hi
290 353 349 388 eam
361 341 470 405 propter
481 334 621 387 Caesarem
635 334 765 402 deserent,
775 342 802 386 ct
814 353 841 385 m
859 336 896 388 lo-

108 440 169 475 rum
180 439 287 474 morum
299 421 409 473 licentia
420 421 506 490 pietas
518 420 576 487 erit,
586 419 690 472 occasio
703 419 825 473 luxuriae
837 421 897 473 reli-

108 509 153 580 gio
173 507 362 579 deputabiturl
400 505 491 558 Onus
511 505 606 558 merito
622 505 803 560 damnandos!
841 506 897 560 Cur

84 604 98 656 5
110 595 180 648 enim
192 600 255 647 rota
268 601 294 646 et
303 592 403 665 gaudia
413 591 558 645 Caesarum
571 592 637 643 casti
650 597 677 643 et
690 592 771 645 sobrii
783 599 810 646 et
819 593 898 663 probi

110 681 306 752 expungimusl
326 699 373 733 cur
387 680 430 732 die
442 680 513 732 laeto
527 697 582 731 non
594 679 693 731 laureis
705 685 797 748 postes.
806 682 898 733 obum-

107 768 236 820 bramus?
254 784 305 818 nec
319 766 439 818 lucernis
455 766 527 817 diem
545 763 739 835 infringimusl
776 764 899 819 Honesta

109 870 151 904 res
166 859 205 904 est
219 852 398 904 sollemnitate
413 851 523 922 publica
541 851 665 921 exigente
680 851 792 903 induere
805 852 899 904 domui

109 945 172 990 tuae
181 936 304 989 habitum
317 937 429 989 alicuius
442 938 506 989 nori
520 937 664 1007 lupanaris.
700 935 795 988 Velim
807 944 899 989 tamen

67 1034 102 1084 10
111 1024 139 1076 in
150 1023 202 1078 hac
218 1042 325 1095 quoque
339 1025 470 1095 religione
485 1023 618 1077 secundae
632 1025 787 1092 maiestatis,
797 1025 831 1077 de
846 1042 900 1095 qua

85 1161 87 1164 ,
112 1113 141 1164 in
154 1112 302 1165 secundum
314 1112 484 1184 sacrilegium
497 1113 672 1165 convenimur
682 1110 835 1180 Christiani,
844 1130 900 1164 non

113 1198 274 1252 celebrando
289 1200 428 1253 vobiscum
442 1199 581 1253 sollemnia
594 1199 747 1268 Caesarum,
761 1217 813 1270 quo
826 1217 900 1252 mcrc

113 1286 242 1339 celebrari
257 1305 307 1340 nec
321 1287 452 1340 modestia
466 1305 516 1340 nec
530 1287 691 1340 verecundia
706 1304 756 1339 nec
770 1286 901 1356 pudicitia

113 1370 281 1443 permittunt,
291 1375 337 1427 sed
350 1375 454 1427 occasio
466 1375 610 1445 voluptatis
625 1375 710 1446 magis
723 1392 805 1443 quam
818 1373 901 1444 digna

71 1461 181 1515 lbratic
199 1461 337 1530 persuasit,
349 1459 433 1513 fidem
454 1467 481 1513 et
499 1462 640 1513 veritatem
658 1466 774 1512 vestram
792 1459 900 1512 demon-

114 1552 203 1613 strare,
217 1564 251 1597 ne
264 1544 334 1598 idrtc
350 1553 377 1598 et
391 1545 469 1598 isthic
482 1545 627 1598 deteriores
640 1544 797 1597 Christianis
810 1545 901 1614 depre-

112 1631 271 1699 lrendantru,
287 1633 334 1701 qui
351 1649 400 1684 nos
418 1631 515 1684 nolunt
529 1630 665 1685 Romanos
680 1631 781 1699 haberi,
794 1631 841 1684 sed
855 1630 901 1683 ho-

112 1726 164 1773 stes
182 1720 336 1791 principum
351 1719 543 1774 Romanorum.
581 1720 656 1791 lpsos
673 1719 799 1789 Quirites,
814 1724 900 1791 ipsam
923 1784 925 1787 v

112 1806 285 1861 vernaculam
298 1814 400 1878 septem
416 1807 525 1860 collium
537 1807 645 1878 plebem
658 1808 796 1875 convenio,
806 1826 841 1859 au
856 1808 901 1860 ali-

72 1895 106 1946 20
115 1893 159 1946 cui
174 1893 282 1946 Caesari
297 1911 344 1946 suo
359 1900 452 1962 parcat
466 1894 514 1946 illa
526 1894 620 1964 lingua
635 1893 777 1946 Romana?
815 1893 901 1947 Testis

115 1985 154 2030 est
166 1978 278 2045 Tiberis,
289 1985 316 2031 et
328 1978 434 2032 scholae
446 1980 600 2032 bestiarum.
637 1979 699 2031 lam
713 1980 736 2032 si
750 1980 901 2050 pectoribus

114 2063 150 2115 ad
167 2061 387 2117 translucendum
409 2065 546 2134 quandam
570 2061 749 2134 specularem
760 2066 902 2117 materiam

113 2156 209 2201 natura
222 2149 382 2216 obduxisset,
391 2151 466 2202 cuius
478 2167 532 2202 non
545 2148 844 2220 praecordia'insculpta
857 2168 901 2219 ap-

112 2241 237 2305 parerent
251 2235 317 2287 novi
332 2253 363 2287 ac
377 2235 442 2287 nori
455 2234 575 2288 Caesaris
590 2252 697 2288 scenam
712 2236 848 2307 congiario
864 2236 901 2289 di-

71 2323 105 2375 25
112 2321 232 2375 ridundo
240 2321 432 2393 praesidentisl
448 2322 531 2376 etiam
541 2321 589 2375 illa
598 2322 664 2375 hora
674 2340 727 2394 qua
737 2322 900 2377 acclamant:

183 2449 227 2502 De
240 2452 336 2503 nostris
348 2452 424 2503 aunis
436 2451 487 2504 tibi
499 2451 604 2523 Iupiter
616 2458 713 2523 augeat
725 2469 816 2505 annos.

112 2576 191 2629 Haec
204 2576 370 2628 Christianus
385 2584 441 2628 tam
457 2579 595 2630 enuntiare
610 2597 666 2631 non
679 2579 762 2645 novit,
773 2596 854 2648 quam
867 2580 901 2632 dc

93 2652 95 2655 ’
112 2680 183 2715 novo
199 2661 312 2713 Caesare
330 2668 429 2730 optare.
467 2661 522 2713 Sed
536 2662 641 2732 vulgus,
656 2663 752 2731 inquis.
790 2662 830 2715 Ut
845 2664 901 2716 rul-

72 2749 170 2818 30guS,
185 2752 278 2798 tamen
294 2744 421 2812 Romani,
435 2763 486 2797 nec
510 2745 560 2796 ulli
584 2747 670 2816 magis
692 2746 900 2816 depostulatores

112 2832 335 2899 Christianorum,
349 2846 431 2899 quam
445 2829 549 2901 vulgus.
587 2829 673 2883 Plane
693 2832 774 2895 ceteri
793 2832 899 2887 ordines

110 2938 159 2991 pro
179 2916 338 2984 auctoritate
350 2908 474 2988 ’religiosi
493 2934 526 2985 ea
543 2915 612 2985 tide,
630 2916 699 2970 nihil
713 2916 846 2973 hosticum
865 2921 898 2975 de
