1921 3312
343 146 380 179 nn
399 143 577 181 srnornounrs.
804 125 857 176 129

69 327 70 330 ,
93 274 154 329 VI.
167 273 284 327 Accedit
296 272 331 325 ad
341 271 524 324 testimonium
537 271 703 341 antiquitatis
716 271 858 340 subsecuta

65 361 214 431 posteritas,
228 358 348 423 formam
367 356 478 427 originis
497 355 531 409 de
548 357 731 423 titrrlis‘huius
750 373 857 427 quoque

66 442 194 517 temporis
206 442 368 514 praeferens,
377 460 426 513 per
439 459 504 512 quos
513 442 655 513 signatum
669 445 717 511 est,
728 443 770 495 cui
783 441 856 512 idolo

66 540 94 585 et
106 533 149 585 eui
162 529 345 600 superstitioni
358 529 496 598 utriusque
507 529 613 598 generis
621 528 682 581 ludi
693 535 856 581 notarentur.

66 612 240 689 Megalenses
254 620 282 667 et
295 614 477 686 Apollinares,
489 614 556 666 item
575 613 698 666 Oereales
714 621 741 666 et
755 613 859 684 Neptu-
879 624 899 677 ‘5

66 704 140 756 nales
155 710 182 756 et
196 701 316 755 Latiares
331 707 358 754 et
378 699 498 753 Florales
515 700 545 751 iu
564 717 707 753 commune
726 699 860 752 celebrau-

66 796 123 857 tur3
142 789 240 859 reliqui
252 788 380 841 ludorum
396 787 430 839 de
445 785 579 839 natalibus
595 790 622 839 et
636 785 859 839 sollemnitatibus

66 894 161 947 regum
180 883 207 929 et
224 875 339 947 publicis
360 873 581 945 prosperitatibus
603 879 631 926 et
650 872 859 943 municipalibus

66 962 143 1016 fastis
164 962 351 1033 superstitiosis
375 979 478 1015 caussas
501 961 611 1032 originis
632 960 741 1014 habent.
783 959 859 1025 Inter

67 1066 133 1117 quos
145 1050 228 1101 etiam
240 1049 406 1119 privatorum
420 1047 557 1099 memoriis
570 1047 716 1117 legatariae
730 1047 860 1099 editiones
867 1054 902 1104 102

66 1141 223 1204 parentant3
244 1134 275 1186 id
295 1151 402 1203 quoque
425 1133 574 1186 secundum
595 1133 771 1185 institutionis
793 1133 860 1185 ariti-

67 1219 205 1289 quitatem.
242 1217 322 1287 Nam
330 1226 357 1271 et
370 1219 546 1289 a'primordio
559 1217 688 1272 bifariam
699 1219 759 1273 ludi
774 1236 861 1272 oense-

66 1306 173 1373 bantur‚
191 1306 260 1358 sacri
282 1311 309 1359 et
330 1304 468 1373 funebres,
486 1305 515 1358 id
539 1311 578 1358 est
600 1306 650 1358 diis
671 1306 813 1359 nationum
833 1311 861 1358 et

67 1392 186 1444 mortuis.
225 1390 279 1444 Sed
298 1391 332 1444 de
351 1391 504 1444 idololatria
524 1391 594 1443 nibil
609 1389 699 1445 differt
718 1391 790 1462 apud
804 1409 861 1459 nos,

67 1478 116 1530 sub
136 1495 188 1547 quo
206 1477 318 1531 nomine
339 1483 367 1530 et
384 1477 473 1545 titulo,
489 1477 555 1529 dum
574 1476 609 1529 ad
627 1476 736 1530 eosdem
754 1477 861 1548 spiritus
869 1484 903 1535 15

67 1563 214 1632 perveniat,
234 1563 331 1632 quibus
356 1563 552 1630 renuntiamus,
570 1562 634 1616 licet
658 1564 780 1631 mortuis,
798 1563 862 1616 licet

68 1649 119 1701 diis
134 1649 187 1702 suis
202 1647 313 1701 iaciant.
351 1647 471 1710 Proinde
485 1649 598 1701 mortuis
613 1648 667 1701 suis
681 1655 713 1701 ut
725 1649 782 1702 diis
796 1647 862 1701 faei-

69 1741 130 1787 aut:
149 1752 204 1787 una
219 1734 338 1787 conditio
357 1734 441 1804 partis
460 1734 599 1804 utriusque
618 1741 664 1801 est,
678 1753 732 1787 una
750 1734 861 1788 idolola-

68 1821 128 1888 tria,
137 1824 192 1873 una
204 1819 367 1873 renuntiatio
379 1826 471 1873 nostra
483 1819 609 1891 aduersus
621 1819 825 1892 idololatriam
855 1843 859 1846 -

104 1906 173 1961 VII.
186 1905 345 1976 Gomnumis
366 1906 452 1978 igitur
477 1906 551 1978 origo
561 1955 563 1958 ,
575 1906 703 1958 ludorum
725 1907 863 1978 utriusque
871 1915 906 1965 20

70 1993 186 2064 generis,
195 1998 352 2046 communes
365 1999 392 2045 et
400 1992 485 2065 tituli,
494 1997 525 2044 ut
534 1992 574 2047 ,de
585 1993 777 2047 'communibus
792 1996 865 2047 caus·

70 2080 113 2148 sis,
121 2079 235 2150 proinde
248 2085 394 2149 apparatus
407 2096 564 2132 communes
576 2078 693 2133 habeant
705 2085 812 2134 necesse
825 2088 865 2134 est

71 2165 105 2216 de
117 2171 194 2216 reatu
208 2163 331 2234 generali
345 2163 514 2217 idololatriae
530 2164 686 2218 conditricis
701 2183 771 2219 suae.
809 2166 864 2219 Sed

71 2250 232 2301 circensium
249 2248 332 2318 paulo
350 2249 504 2319 pompatior
525 2256 672 2319 suggestus,
689 2251 786 2319 quibus
804 2269 864 2320 pro-

70 2334 129 2404 prie
148 2333 200 2386 hoc
220 2351 321 2385 nomen
334 2341 457 2403 pompa:
467 2362 469 2364 ·
479 2334 625 2403 praecedit,
641 2352 757 2403 quorum
778 2336 814 2406 sit
833 2337 862 2387 in
872 2339 906 2389 25

71 2419 214 2488 semetipsa
227 2419 344 2488 probans
363 2418 398 2477 de
412 2418 617 2489 simulacrorum
626 2421 707 2488 serie,
720 2421 755 2475 de
769 2421 864 2493 imagiss

71 2523 138 2557 num
153 2504 269 2575 agmine,
283 2504 462 2570 decursibus,
476 2504 510 2556 de
525 2503 634 2573 theosis,
645 2505 679 2558 'de
694 2508 864 2576 armamaxis,

72 2592 106 2645 de
125 2591 240 2660 sedibus,
254 2578 469 2658 decoronis,”de
488 2591 598 2647 extruiis'.
636 2590 865 2664 Quanta‘praete-

72 2687 119 2731 rea
137 2696 225 2745 sacra,
236 2683 339 2748 quanta
356 2675 485 2734 sacrificia
503 2677 673 2746 praecedant,
688 2678 865 2748 intercedant,

73 2765 227 2834 succedant,
237 2771 303 2835 quot
318 2763 438 2835 collegia,
451 2769 516 2832 quot
531 2764 763 2835 sacerdotiaquot
778 2766 865 2819 offitia
875 2768 909 2818 30

73 2857 240 2920 moveantur,
252 2852 341 2904 sciunt
359 2849 480 2904 homines
498 2848 571 2903 illius
589 2851 671 2919 urbis,
685 2851 714 2903 in
734 2869 787 2921 qua
805 2853 866 2920 dae<

74 2934 227 2990 moniorum
246 2943 395 3011 conventus,
414 2935 541 2994 consedit.
579 2934 659 3012 Ea-si
678 2937 782 2995 minore
801 2955 866 2991 cura
