1921 3312
83 124 117 179 ib
259 139 301 181 66.
315 138 389 174 suen·
397 137 473 173 6666.
487 137 693 174 6666666666.

118 266 228 321 XXIV.
242 265 405 323 Omnisista
420 265 553 320 confessio
567 267 684 336 illorum,
699 283 752 337 qua
766 283 794 318 se
807 264 871 318 deos

83 359 184 425 negant
208 370 272 421 esse,
288 371 396 423 quaque
419 371 474 406 non
499 354 583 406 alium
605 354 687 407 deum
710 351 872 424 respondent

83 445 188 510 praeter
203 457 296 507 unum,
310 440 354 492 cui
369 458 418 492 666
437 440 631 510 mancipamur,
645 440 707 492 satis
721 439 818 492 idonea
833 445 872 490 est

84 526 119 577 ad
135 525 326 595 depellendum
346 526 448 578 crimen
461 525 549 578 laesae
567 526 691 596 publicae
710 532 737 578 66
755 524 872 578 maxime

59 618 75 670 5
85 610 225 665 Romanae
238 612 381 683 religionis.
420 611 449 664 Si
460 612 533 664 enim
545 629 600 665 uon
610 614 672 664 sunt
681 612 725 664 dei
735 617 873 681 procerte,

85 716 136 751 666
148 698 243 770 religio
255 716 304 768 pro
321 705 392 750 certo
406 705 461 765 est3
480 699 502 750 si
514 698 608 769 religio
621 715 674 749 666
691 704 738 764 666,
749 698 812 767 quia
823 715 874 750 nec

86 785 131 837 dei
143 802 192 854 pro
208 791 288 850 certe,
301 801 351 836 nec
366 802 414 836 nos
425 801 475 853 pro
491 790 562 836 certo
577 784 616 835 rei
631 801 722 835 sumus
734 782 821 835 laesae
835 801 875 835 re-

85 869 201 939 ligionis.
238 869 278 920 At
293 886 308 921 6
328 869 459 920 contrario
478 869 507 920 in
521 885 568 920 vos
583 868 752 938 exprobratio
766 867 875 920 resulta-

85 955 134 1022 bit,
147 955 195 1024 qui
209 953 383 1007 mendacium
401 953 524 1021 colentes,
533 971 626 1005 reram
644 953 803 1024 religionem
818 954 875 1005 reri

44 1048 78 1098 m
87 1041 133 1094 dei
144 1059 199 1093 666
211 1040 292 1093 modo
305 1040 476 1111 negligenda
486 1040 553 1110 quin
565 1040 675 1109 insuper
687 1039 875 1110 expugnando,

32 1188 33 1191 Ἴ
87 1128 117 1179 16
135 1145 229 1180 rernm
251 1126 428 1179 committitis
440 1126 542 1179 crimen
563 1144 642 1179 verae
663 1126 874 1196 irreligiositatis.

87 1213 178 1281 Nunc,
191 1221 222 1265 66
240 1218 373 1265 constaret
387 1212 448 1264 illos
464 1211 527 1265 deos
546 1230 610 1280 esse,
622 1223 711 1265 66666
731 1211 876 1265 conceditis

89 1299 123 1352 de
136 1299 321 1352 aestimatione
337 1297 474 1351 66666661
489 1297 607 1367 aliquem
623 1315 678 1351 esse
693 1298 877 1350 sublimiorem

89 1394 116 1439 et
127 1387 306 1456 potentiorem
318 1385 392 1438 uelut
404 1385 555 1455 principem
569 1385 673 1452 mundi,
683 1383 820 1455 perfectae
832 1402 877 1454 po-

47 1476 81 1529 15
89 1469 189 1525 tentiae
211 1479 238 1525 et
258 1469 421 1525 maiestatis?
458 1472 533 1525 Nam
551 1478 578 1524 et
596 1471 634 1524 sic
652 1471 773 1540 plerique
792 1470 877 1540 dispo-

88 1565 158 1610 nunt
170 1558 347 1626 divinitatem,
358 1564 388 1610 ut
399 1559 544 1628 imperium
556 1574 676 1610 summae
686 1557 877 1610 dominationis

89 1661 145 1697 esse
165 1641 247 1714 penes
266 1662 358 1711 uuum,
373 1644 461 1697 officia
483 1644 541 1697 6166
559 1660 641 1713 penes
659 1643 759 1696 multos
777 1643 877 1711 velint3

89 1737 119 1782 66
128 1728 208 1782 Plato
218 1729 313 1783 lovem
322 1749 453 1801 magnum
461 1730 491 1783 in
504 1730 577 1784 coelo
588 1731 747 1784 comitatum
755 1731 878 1784 exercitu

90 1816 217 1869 describit
227 1817 339 1869 deorum
347 1818 448 1886 pariter
458 1823 485 1870 66
494 1817 666 1870 daemonum.
698 1816 794 1887 ltaque
804 1834 878 1887 opor-

44 1906 147 1957 *uetere
162 1907 189 1953 66
200 1908 373 1972 procurantes
388 1909 414 1955 66
428 1900 580 1971 praefectos
593 1908 620 1954 et
631 1901 766 1972 praesides
780 1902 879 1972 pariter

91 1987 197 2057 suspici.
233 1986 269 2039 Et
281 1992 372 2040 tamen
385 1987 458 2057 quod
470 1986 576 2040 facinus
592 1987 719 2055 admittit,
732 1988 780 2056 qui
793 1988 879 2058 magis

92 2073 127 2125 ad
141 2071 282 2125 Caesarem
294 2073 502 2143 promerendum
515 2079 542 2125 et
555 2091 665 2144 operam
677 2080 704 2126 et
716 2091 791 2143 spem
803 2091 880 2126 suam

91 2157 227 2227 transfert,
237 2176 286 2211 nec
300 2158 509 2229 appellationem
519 2159 563 2212 dei
576 2160 615 2212 ita
627 2165 658 2212 66
670 2152 838 2230 imperatoris
846 2160 880 2212 16

11 2293 13 2295 ,
91 2245 144 2299 6116
160 2243 243 2316 quam
260 2246 382 2316 principe
398 2240 549 2314 confitetur,
563 2264 625 2299 cum
642 2246 756 2318 capitale
771 2265 827 2300 esse
841 2246 880 2299 iu-

51 2332 195 2387 25dicetur
210 2333 293 2386 alium
306 2338 413 2403 praeter
426 2332 569 2386 Caesarem
583 2340 610 2386 66
623 2333 711 2386 dicere
727 2339 754 2386 et
766 2334 879 2387 audire?

93 2418 172 2470 Colat
186 2419 254 2471 alius
269 2419 359 2486 deum,
372 2420 440 2472 alins
452 2418 555 2488 lovem,
568 2420 636 2473 alius
651 2421 686 2473 ad
701 2411 881 2490 6661616666-

92 2501 176 2572 plices
188 2521 284 2556 manus
296 2505 396 2573 tendat,
406 2506 474 2558 alius
487 2507 521 2558 ad
532 2523 606 2559 aram
615 2505 703 2574 Fidei,
713 2505 789 2573 alius,
798 2506 820 2558 si
829 2505 881 2557 hoc

93 2587 201 2659 putatis,
216 2590 300 2642 nubes
321 2592 445 2643 numeret
463 2586 635 2658 ’6666661166
653 2591 799 2657 lacunaria,
814 2590 881 2643 alius

94 2693 171 2728 suam
192 2675 312 2727 animam
330 2675 380 2727 deo
399 2693 446 2728 666
464 2671 567 2742 vereat,
583 2676 650 2728 alius
668 2675 744 2728 hirci.
780 2675 881 2729 Videte

54 2759 320 2814 306616166661166
335 2760 370 2813 ad
382 2760 586 2830 irreligiositatis
599 2761 718 2830 elogium
733 2769 881 2830 concurrat,

51 2850 53 2852 ’
94 2849 215 2902 adimere
224 2846 377 2900 libertatem
389 2843 526 2916 religionis
539 2852 566 2898 et
575 2846 733 2899 interdicere
746 2847 882 2917 optionem

95 2935 250 3002 divinitatis,
260 2939 291 2986 66
303 2951 357 2987 666
368 2932 448 2986 116666
460 2931 528 2984 mihi
543 2932 629 2986 colere
642 2950 723 3003 quem
735 2924 825 3003 velim,
831 2935 881 2988 ⁴sed
