1921 3312
360 169 584 208 nronocmrcus:
682 174 691 183 ¹·
839 154 875 208 37

15 358 17 361 ,
83 298 276 353 Germanicam
290 296 364 348 sitim
376 284 591 350 Christianorum
602 297 674 351 forte
686 297 805 351 militurn
817 313 876 367 pre*-

84 384 233 437 cationibus
257 382 401 452 impetrato
415 381 507 433 ,imbri
531 383 677 435 discussam
704 373 874 436 contestatur.
938 383 944 391 ”

84 468 140 530 Qui
160 468 230 520 sicut
248 484 303 519 non
322 466 414 537 palam
435 467 623 521 ab'eiusmodi
640 468 794 521 hominibus
815 486 876 538 poe-

39 600 40 603 ,
83 570 154 605 nam.
163 551 286 619 dimovit,
298 552 337 604 ita
355 552 408 604 alio
422 551 504 604 modo
517 552 609 622 palam
624 554 755 623 dispersit,
771 554 876 606 adiecta

83 639 167 690 etiam
181 637 379 689 accusatonbus
394 637 576 705 damnatione,
592 644 619 690 et
634 638 751 707 quidem.
760 639 876 691 tetriore.
903 647 918 696 5

85 721 185 784 Quales
200 739 264 792 ergo
278 722 352 793 leges
366 722 442 789 istae,
455 740 521 791 quas
538 722 665 775 adversus
679 740 728 776 nos
742 722 792 776 soli
807 740 888 775 exse.

83 813 204 877 quuntur
217 808 303 878 impii,
312 808 414 875 iniusti,
423 813 522 878 turpes,
530 814 627 876 truces,
636 809 710 877 vani,
723 808 877 879 dementesl

84 910 151 962 quas
163 891 294 965 Traianus
306 900 428 964 exparte
440 892 585 946 frustratus
590 901 638 947 :est
649 894 766 947 vetando
776 894 878 963 inquiri

85 977 265 1047 Christianos3
284 996 351 1048 quas
368 978 459 1031 nullus
473 978 639 1047 Hadrianus,
653 997 819 1050 quamquam
834 997 878 1032 cu-

84 1064 235 1116 riositatum
256 1065 379 1117 omnium
403 1065 563 1134 explorator,
578 1065 670 1117 nullus
687 1064 877 1135 Vespasianus,
885 1074 919 1125 10

85 1158 251 1219 quamquam
260 1149 426 1221 ludaeorum
438 1150 595 1219 debellator,
604 1149 696 1203 nullus
706 1147 780 1219 Pius,
787 1150 878 1203 nullus

84 1235 327 1307 Verusssimpressit.
346 1284 348 1287 .
363 1234 483 1289 Facilius
494 1236 589 1306 utique
601 1237 756 1307 pessimiab
770 1237 878 1308 optimis

85 1323 244 1394 quibusque,
257 1310 288 1376 ut
306 1325 341 1377 ab
360 1323 481 1391 aemulis,
494 1341 576 1394 quam
596 1341 612 1376 a
630 1324 684 1377 suis
696 1323 774 1376 sociis
793 1324 878 1377 eradi-

86 1409 165 1462 candi
177 1409 370 1463 indicarentur.

120 1495 173 1549 VI.
187 1495 270 1549 Nunc
289 1496 485 1568 religiosissimi
499 1496 592 1567 legum
607 1503 635 1550 et
648 1502 822 1567 paternorum
839 1496 920 1553 in-15

47 1585 51 1594 ’
86 1583 241 1635 stitutorum
259 1589 422 1653 protectores
440 1590 468 1635 et
481 1583 582 1635 ultores
600 1582 781 1652 respondeant
789 1578 879 1635 'velim

86 1667 246 1721 desuaiide
258 1667 399 1734 ethonore
411 1673 439 1730 et
451 1667 580 1737 obsequio
594 1684 659 1738 erga
671 1667 805 1719 maiorum
818 1684 878 1719 con-

23 1798 25 1801 <
54 1761 55 1764 ’
85 1754 163 1823 sulta,
171 1755 304 1808 sifa‘nullo
313 1754 490 1821 desciverunt,
498 1754 521 1806 si
529 1752 642 1820 innullo
652 1752 877 1820 exorbitarerunt,

86 1841 109 1893 si
120 1859 175 1895 non
186 1842 336 1905 neccssaria
347 1847 374 1894 et
384 1840 522 1911 aptissima
532 1856 654 1910 quaeque
662 1838 822 1916 discipliuae
834 1838 879 1890 ob-

85 1927 278 1982 litteraverunt.
311 1927 438 1992 Quonam
445 1926 509 1979 illae
517 1926 591 1997 leges
604 1925 729 1978 abierunt
740 1930 880 1994 sumptum
887 1933 922 1984 20

86 2019 113 2066 et
122 2015 299 2067 ambitionem
308 2013 533 2085 comprimentesl
550 2029 620 2081 quae
629 2016 739 2064 centum
751 2028 814 2063 aera
824 2028 880 2063 non

86 2099 202 2169 amplius
219 2100 250 2151 in
268 2117 379 2153 coenam
399 2099 530 2152 subscribi
544 2098 683 2165 iubebant,
694 2106 747 2149 nec
765 2095 881 2166 amplius

87 2200 170 2252 quam
182 2202 265 2236 unam
276 2183 374 2237 inferri
386 2184 524 2254 gallinam,
534 2190 561 2235 ct
574 2201 636 2235 eam
645 2200 703 2243 non
715 2181 880 2251 sagiuatam3

87 2285 156 2337 quae
165 2269 317 2338 patricium,
327 2269 401 2338 quod
411 2269 505 2322 decem
517 2269 608 2338 pondo
621 2267 727 2337 argenti
735 2257 880 2333 habuisset,

86 2370 135 2423 pro
153 2371 252 2424 magno
271 2354 350 2406 titulo
370 2353 525 2406 ambitionis
544 2359 639 2405 senatu
657 2352 922 2419 summovebantfflf)

88 2433 157 2508 qnae
170 2434 276 2492 theatra
294 2439 446 2510 stuprandis
463 2438 584 2492 moribus
598 2438 717 2491 orientia
731 2438 823 2492 statim
837 2438 881 2491 de-

87 2525 241 2593 struebant3
260 2542 329 2595 quae
342 2524 507 2596 dignitatum
519 2531 547 2578 et
558 2524 732 2578 bonestorum
746 2524 881 2577 natalium

87 2611 205 2687 insignia
218 2629 274 2664 non
289 2618 390 2664 temere
405 2629 456 2664 nec
474 2611 586 2682 impune
601 2611 725 2682 usmpari
740 2611 881 2664 sinebant?

88 2694 179 2750 Video
191 2697 264 2750 enim
277 2703 304 2750 et
317 2698 484 2751 centenarias
500 2697 604 2765 scenas,
613 2715 630 2750 a
642 2697 762 2750 centenis
773 2697 830 2750 iam
844 2715 882 2756 se-

89 2782 188 2835 stertiis
199 2782 335 2851 dicendas
344 2789 372 2836 et
383 2782 515 2836 in‘lanccs
526 2783 632 2854 (parum
645 2789 685 2836 est
697 2783 794 2851 [enim]
810 2782 832 2835 si
844 2799 881 2835 se·
889 2785 922 2835 30

88 2872 215 2920 natorum
224 2875 251 2922 et
259 2867 315 2922 nou
322 2868 562 2923 libertinorumvel
569 2868 657 2922 adhuc
665 2868 750 2938 flagra
758 2873 884 2936 rumpam

89 2950 168 3020 tium)
181 2953 456 3023 argentariamctalla
467 2954 605 3024 producta.
639 2953 729 3006 Video
741 2959 768 3005 et
777 2952 882 3004 theatra
