1921 3312
90 108 144 159 124
274 123 317 165 eu.
331 122 400 158 surr.
413 116 489 160 rnen.
502 117 709 159 rnnrunnmrms.

86 268 143 320 que
166 249 333 302 veluntatem
355 243 446 319 neque
472 250 654 312 adversarium
680 249 786 302 noveris
806 246 877 319 eius,
908 277 912 323 ᾗ

84 352 171 404 quem
187 335 276 386 minus
294 336 407 388 noveris.
444 335 510 388 Non
528 354 591 406 erge
605 335 657 387 hoe
672 334 758 387 selum
773 334 879 405 respici-

89 419 189 471 endum
202 427 249 488 est,
260 439 276 473 a
289 438 342 490 que
356 421 513 474 omniasiut
525 421 654 487 instituta,
664 420 711 472 sed
724 437 740 471 a
753 437 806 490 qno
819 438 879 472 een-

84 522 172 559 ·versa.
209 504 254 559 ita
269 508 342 559 enim
357 508 504 577 apparebit,
517 507 592 559 euius
606 506 635 557 vi
649 506 704 558 sint
717 506 847 575 instituta,
857 508 880 559 si

63 596 78 648 5
90 598 224 662 appareat,
233 593 308 645 euius
319 593 447 646 neu-sint.
484 591 603 646 Multum
617 591 728 643 interest
741 592 814 656 iuter
825 610 880 645 661-

90 678 224 748 ruptelam
242 685 269 731 et
283 674 474 749 integritatem,
487 678 551 749 quia
568 676 685 729 muitum
700 683 740 729 est
755 679 880 731 interin-

91 765 243 816 stituterem
261 770 289 816 et
303 759 529 833 interpolatorem.
567 755 695 814 Ceterum
714 779 806 814 omnes
824 781 880 832 spe-

91 851 144 901 eies
159 849 300 916 maiorum,
314 866 382 918 quae
401 850 484 901 etiam
499 848 599 900 ethnici
613 847 765 900 indubitate
780 854 807 901 et
822 866 881 918 pre-

90 933 185 987 hibent
200 941 227 986 et
242 932 402 1002 defendunt,
415 952 448 987 ex
463 934 587 1005 operibus
602 933 646 986 dei
661 940 791 987 constant.
829 933 880 987 Vis

47 1027 81 1076 10
90 1016 269 1072 homicidium
294 1019 376 1088 16116,
394 1037 507 1088 veneno,
524 1020 638 1090 magieis
652 1019 881 1073 'devinctionibus
943 1018 946 1037 ⁴

91 1103 201 1176 perfici:
220 1111 278 1158 tam
291 1104 396 1158 ferrum
411 1105 456 1158 dei
470 1123 512 1158 res
527 1112 574 1173 est,
585 1122 667 1174 quam
681 1105 788 1173 herbae,
799 1123 880 1176 quam

92 1191 190 1263 angeli.
226 1190 370 1261 Numquid
384 1190 477 1244 tamen
494 1193 524 1243 in
541 1190 657 1244 heminis
668 1209 770 1243 neeem
789 1199 881 1244 aueter

92 1278 144 1330 ista
163 1277 299 1347 previditi
345 1277 453 1345 Atquin
474 1294 582 1329 omnem
603 1275 743 1329 homicidii
765 1277 881 1346 speeiem

84 1380 147 1415 vune
162 1370 189 1415 et
203 1362 348 1433 prineipaii
359 1367 502 1432 praecepte
517 1362 669 1414 interemit:
688 1360 753 1414 Neu
768 1362 880 1415 eeeides.

48 1456 82 1506 15
92 1446 212 1501 Proinde
225 1466 329 1516 aurum,
339 1465 391 1515 aes,
401 1455 552 1519 argentum,
562 1448 636 1515 ebur,
646 1447 759 1518 liguum,
767 1453 794 1500 et
803 1465 881 1517 quae·
901 1464 904 1474 ·

93 1552 199 1604 ermque
216 1533 383 1588 fabricandis
400 1534 480 1587 idelis
498 1534 611 1587 materia
630 1536 760 1604 captatur,
775 1536 834 1604 quis
851 1535 882 1586 in

91 1621 180 1674 seeuio
194 1621 291 1691 posuit,
300 1621 352 1672 nisi
365 1620 448 1673 seeuli
461 1627 554 1673 aueter
569 1620 652 1673 deust
688 1619 832 1691 Numquid
844 1627 882 1674 ta-

91 1724 154 1759 men
174 1713 205 1758 nt
225 1705 293 1758 haee
314 1706 440 1758 adversus
461 1707 551 1775 ipsum
573 1705 736 1760 adorentur?
773 1706 882 1777 Atquin

92 1809 197 1844 summa
209 1791 311 1844 eitensa
319 1809 401 1861 penes
409 1792 486 1844 illum
496 1792 649 1845 idololatria
658 1799 705 1845 est.
740 1791 815 1854 Quid
827 1811 881 1846 non

49 1885 83 1935 20
93 1877 138 1930 dei
156 1884 204 1945 est,
219 1877 293 1947 qued
311 1878 393 1930 deum
411 1876 542 1930 6116611111
561 1876 690 1930 sederim
704 1876 825 1946 effendit,
838 1878 883 1931 dei

94 1980 150 2015 esse
165 1963 251 2030 desiit,
264 1969 292 2014 et
310 1981 373 2014 eum
392 1963 478 2029 desiit,
491 1961 612 2015 effendit.
649 1961 815 2032 ipse'bemo,
828 1981 883 2016 em-

94 2049 172 2100 nium
186 2047 351 2118 flagitiorum
366 2054 447 2116 aeter,
457 2066 511 2101 nen
526 2055 632 2100 tantum
647 2066 713 2118 opus
728 2049 779 2116 dei,
788 2067 883 2102 verum

83 2135 176 2186 etiarn
191 2134 282 2205 image
301 2133 358 2187 esti
376 2140 506 2187 ettamen
520 2142 548 2186 et
565 2140 674 2205 corpere
689 2141 716 2187 et
730 2135 824 2206 spiritu
839 2136 883 2189 de-

82 2221 170 2294 661111
183 2238 200 2272 a
211 2238 259 2273 sue
271 2220 432 2273 institutore.
469 2218 567 2290 Neque
582 2222 654 2273 enim
670 2221 759 2274 uenies
775 2222 810 2275 ad
823 2240 883 2275 een-

49 2308 82 2360 25
93 2308 269 2377 eupiseentias
284 2308 434 2375 sumsimus,
443 2324 532 2376 neque
546 2307 668 2378 linguam
684 2307 718 2360 ad
733 2308 883 2379 maliloqui-

92 2410 148 2460 um,
161 2400 188 2446 et
206 2411 282 2446 aures
301 2394 336 2446 ad
352 2394 559 2464 exceptaculum.
572 2394 731 2464 maliloquii,
744 2402 771 2448 et
789 2396 883 2465 gulam

92 2479 224 2548 adguiae
243 2479 353 2546 crimen,
365 2487 393 2531 et
407 2477 530 2531 ventrem
545 2475 580 2532 ad
594 2479 673 2549 gulae
688 2480 847 2548 satietatem,
856 2488 883 2533 et

82 2564 223 2634 >genitalia
235 2565 270 2616 ad
283 2582 402 2616 excessus
415 2565 609 2633 impudicitiae,
619 2572 647 2617 et
661 2583 757 2618 manus
771 2566 807 2617 ad
819 2566 882 2633 vim,

44 2681 52 2696 .
82 2656 122 2702 -et
134 2666 239 2719 gressus
254 2644 290 2700 ad
302 2650 511 2718 raganrvritam3
530 2656 578 2701 aut
592 2648 701 2718 spiritus
712 2650 773 2702 ideo
788 2650 883 2703 insitus

50 2737 83 2787 30
94 2734 215 2805 corpori,
224 2740 255 2785 ut
279 2733 439 2785 insidiarum
449 2730 451 2734 ⁴
461 2739 489 2784 et
509 2732 640 2785 fraudum
662 2741 689 2786 et
700 2735 883 2804 viniquitatum

81 2819 284 2892 ‘cogitatorium
304 2817 398 2870 1161611
421 2835 476 2881 nen
498 2817 599 2887 opiner.
635 2817 754 2871 Namsi
776 2837 883 2873 emnem

81 2903 291 2977 ⁴maligin-itatem
318 2910 346 2955 et
369 2903 392 2956 si
411 2909 534 2955 tantam
547 2903 680 2956 maiitiam
705 2904 881 2976 exeegitatam
