1921 3312
371 133 573 170 Aronoenrrous.
835 114 869 165 63

38 318 39 321 ,
80 271 108 317 et
122 271 209 317 canas
219 261 419 333 memoriarum,
431 259 502 328 ipsas
518 259 635 329 denique
652 258 754 330 effigies
769 257 871 315 littera-

80 350 260 418 rum,indices
270 345 446 415 custodesque
455 362 554 412 rernm,
561 352 587 398 et
595 344 671 414 (puto
681 344 771 398 adhuc
780 345 871 397 minus

81 434 285 504 dicimustipsos'
294 432 408 502 inquam
415 430 479 483 deos
488 437 596 498 vestros,
604 431 662 500 ipsa
670 431 772 501 templa
779 437 807 484 et
814 448 872 484 ora-

80 523 141 575 cula
154 528 181 574 et
193 519 361 573 sacraunius
374 518 484 570 interim
498 517 645 588 prophetae
659 517 787 571 scrinium
799 533 872 569 secu-

79 608 112 659 lis
127 593 220 673 vincit,
232 605 262 656 in
277 622 330 674 quo
345 603 453 677 videtur
470 601 610 654 thesaurus
628 601 772 654 collocatus
790 602 872 654 totius

80 691 186 744 ludaici
202 689 372 757 sacramenti,
387 696 415 741 et
432 687 498 740 inde
517 687 599 740 etiam
617 688 709 739 nostri.
748 685 778 738 Si
793 703 874 755 quem
900 694 915 744 5

80 763 192 832 audistis
209 779 319 831 interim
333 776 456 847 Moysen,
469 774 575 846 Argiuo
590 772 693 827 Inacho
710 772 812 843 pariter
822 800 824 802 ·
833 790 874 824 ae-

80 872 134 919 tate
153 871 208 933 est3
227 863 431 936 quadringentis
445 879 531 933 paene
550 861 711 930 annis,'nam
730 865 757 912 et
771 865 874 928 septem

80 953 178 1020 minus,
188 950 324 1023 Danaum,
337 957 364 1003 et
379 950 474 1021 ipsum
496 947 569 1017 apud
587 964 634 999 vos
654 944 873 1012 vetustissimum,

80 1038 226 1109 praevenit,
244 1036 320 1090 mille
344 1036 451 1088 circiter
472 1034 578 1087 cladem
596 1030 700 1083 Priami
725 1029 874 1097 antecedit,

80 1140 185 1193 possem
205 1123 288 1174 etiam
307 1121 405 1188 dicere,
418 1118 573 1190 quingentis
593 1116 709 1187 amplius
731 1122 758 1168 et
774 1114 915 1171 Home-10

80 1226 149 1276 rum,
158 1208 261 1260 habens
273 1224 340 1277 quos
355 1224 457 1276 sequar.
495 1204 586 1258 Ceteri
599 1220 706 1273 quoque
719 1202 875 1273 prophetae,

81 1294 131 1366 etsi
137 1292 229 1363 ¹Moysi
241 1297 402 1363 postumant,
411 1291 598 1345 extremissimi
607 1296 700 1343 tamen
713 1306 807 1361 eorum
818 1306 873 1341 non

81 1380 234 1432 retrosiores
244 1378 482 1449 deprehenduntur
493 1377 657 1448 primoribus
667 1376 760 1428 restris
773 1375 875 1445 sapien-

82 1466 154 1517 tibus
169 1471 196 1517 et
209 1450 331 1535 legiferis
351 1471 378 1516 et
392 1464 532 1516 historicis.
569 1462 649 1515 Haec
665 1463 762 1532 quibus
778 1461 876 1514 ordini-

81 1550 255 1622 bnsprobari
269 1550 379 1620 possint,
389 1567 444 1602 non
457 1556 515 1602 tam
528 1548 638 1602 difficile
653 1555 693 1601 est
705 1548 783 1601 nobis
798 1551 915 1618 expo-15

11 1672 12 1676 ,
82 1653 153 1702 nere,
162 1642 244 1705 quam
257 1650 373 1702 enorme,
383 1652 434 1687 nec
446 1634 569 1702 arduum,
579 1634 625 1687 sed
634 1635 745 1687 interim
754 1635 874 1705 longum.

82 1719 178 1773 Multis
190 1708 381 1787 instrumentis,
392 1737 453 1772 cum
464 1719 610 1791 digitorum
623 1721 786 1790 supputariis
796 1720 875 1790 gesti-

83 1806 150 1859 culis
172 1805 345 1858 assidendnm
366 1812 413 1858 est.
449 1805 606 1880 Reseranda
628 1806 876 1880 antiquissimarum

84 1892 167 1945 etiam
181 1892 304 1962 gentium
320 1891 436 1958 archiva,
449 1892 656 1963 Aegyptiorum,
671 1891 876 1958 Chaldaeorum,

84 1972 269 2046 Phoenicum3
288 1978 438 2031 advocandi
453 1979 536 2031 etiam
550 1979 700 2048 municipes
716 1996 817 2047 eornm,
829 1995 878 2048 per
886 1982 920 2032 20

85 2076 157 2134 quos⁴
166 2064 262 2117 notitia
276 2064 477 2117 subministrata
489 2072 547 2132 est3
566 2065 651 2135 aliqui
662 2063 813 2117 Manethon
825 2063 879 2116 Ae-

86 2151 201 2221 gyptius,
211 2157 238 2202 et
247 2149 361 2203 Berosus
371 2149 531 2219 Chaldaeus,
544 2151 592 2203 sed
604 2157 631 2203 et
640 2149 746 2203 iromus
756 2150 879 2203 Phoenix

87 2234 151 2305 Tyri
163 2252 211 2286 rex
219 2253 228 2299 ;›
244 2232 386 2287 sectatores
399 2253 505 2305 quoque
519 2254 611 2288 eorum
621 2235 776 2288 Mendesius
789 2234 878 2287 Ptole-

87 2336 187 2386 maeus,
202 2326 229 2371 et
243 2318 393 2377 Menander
411 2319 549 2390 Ephesius,
566 2328 593 2372 et
607 2319 763 2373 Demetrius
781 2318 878 2371 Phale-

87 2423 155 2473 reus,
168 2411 196 2457 et
210 2423 257 2457 rex
267 2403 348 2473 Iuba,
362 2411 389 2458 et
401 2404 521 2475 Appion,
537 2412 564 2458 et
578 2404 699 2473 Thallus,
712 2412 740 2458 et
754 2405 801 2475 qni
814 2405 879 2458 istos
888 2406 921 2458 25

88 2497 135 2544 aut
156 2491 252 2561 probat
274 2497 320 2543 ant
339 2491 463 2559 revincit,
475 2489 592 2544 Iudaeus
610 2489 740 2561 Iosephus
766 2491 880 2560 antiqui-

89 2582 175 2630 tatum
194 2575 368 2630 ludaicarum
386 2577 546 2630 vernaculus
565 2578 673 2641 sinder.
714 2577 881 2631 Graecorum

90 2663 172 2716 etiam
181 2663 317 2716 censuales
327 2661 493 2731 conterendi,
503 2670 530 2717 et
540 2682 609 2734 quae
619 2664 726 2735 quando
737 2666 790 2717 sint
798 2670 881 2735 gesta,

89 2755 120 2800 ut
132 2748 363 2809 concatenationes
372 2755 525 2823 temporum
539 2750 700 2820 aperiantur,
708 2768 756 2819 per
766 2767 834 2819 quae
843 2749 882 2800 lu·
896 2772 898 2775 ⁴

91 2841 170 2887 ceant
188 2821 327 2895 annalium
344 2836 457 2887 numeri.
474 2844 476 2848 ’
494 2834 728 2907 Peregrinandum
746 2842 786 2887 est
799 2836 828 2886 in
842 2833 881 2884 hi·
891 2836 924 2885 30

91 2921 185 2973 storias
198 2926 225 2973 et
236 2920 337 2973 litteras
350 2922 430 2975 orbis.
467 2920 503 2974 Et
516 2928 608 2975 tamen
621 2923 697 2991 qnasi
711 2927 814 2989 partem
826 2918 881 2977 iam
