1921 3312
84 133 118 183 96
259 145 302 186 ou.
317 144 385 179 sarr.
398 142 474 178 naon.
488 140 695 178 rnnrumrnuns.

84 271 218 341 quomodo
233 269 339 322 biberit.
377 270 576 340 ‘Aeque'oratio
595 268 748 322 convivium
763 266 873 319 dirimit.

84 357 153 409 Inde
166 355 313 408 disceditur
327 373 383 408 non
395 357 425 408 in
438 363 557 409 catervas
572 356 733 423 caesionum,
742 370 830 423 neque
845 353 874 404 in

85 443 179 495 classes
189 442 422 511 discursationum,
429 461 481 495 nec
492 443 522 494 in
535 443 686 513 eruptiones
695 441 875 508 lasciviarum,

85 529 132 583 sed
145 528 180 582 ad
189 528 304 582 eandem
317 546 410 581 curam
422 529 569 582 modestiae
582 538 609 581 et
621 529 776 600 pudicitiae,
785 534 816 580 ut
829 527 876 597 qui

56 618 73 669 ‘5
86 634 141 669 non
167 623 225 669 tam
252 633 365 668 coenam
392 616 570 682 coenaverint
589 632 671 684 quam
698 614 875 685 disciplinam.

86 702 165 757 Haec
178 703 257 757 coitio
268 701 483 755 Christianorum
495 702 590 754 merito
603 719 667 754 sane
678 701 782 768 illicita,
792 696 816 752 si
826 700 877 752 illi·
919 729 922 737 ·

87 790 147 841 citis
167 807 223 859 par,
238 788 335 839 merito
351 787 513 853 damnanda,
529 786 563 853 [si
581 803 636 838 non
651 786 788 838 dissimilis
803 786 877 837 dam-

86 874 204 941 nandis]
217 873 239 924 si
250 873 309 941 quis
319 871 353 923 de
366 888 398 923 ea
407 871 529 940 queritur
538 888 570 922 eo
579 870 666 938 titulo,
677 888 729 939 quo
740 868 877 922 (16116116-

86 960 166 1011 nibus
188 958 297 1028 quercia
321 964 369 1009 est.
406 956 441 1008 ln
466 957 542 1009 cuius
562 957 710 1026 perniciem
731 955 876 1025 aliquando

43 1047 77 1098 10
88 1045 279 1098 convenimusl
315 1043 378 1096 Hoc
399 1061 490 1096 sumus
511 1044 675 1113 congregati,
690 1042 762 1112 quod
782 1049 809 1094 et
827 1042 878 1093 dis-

88 1132 168 1200 persi,
177 1131 229 1183 hoc
241 1129 367 1197 universi,
379 1130 451 1199 quod
463 1136 490 1182 et
502 1125 610 1199 singuli,
622 1129 760 1181 neminem
771 1127 878 1180 laeden-

89 1222 137 1283 tes,
146 1215 284 1267 neminem
294 1215 486 1267 contristantes.
525 1212 617 1275 Quum
627 1215 712 1283 probi,
721 1231 805 1282 quum
814 1213 879 1265 boni

90 1307 194 1369 coeunt,
207 1318 292 1370 qumn
306 1300 353 1370 pii,
367 1317 451 1368 quum
469 1300 535 1352 casti
550 1306 754 1371 congregantur,
766 1316 822 1351 non
840 1304 879 1351 est

89 1385 175 1439 factio
188 1385 310 1453 dicenda,
320 1385 367 1437 sed
379 1386 460 1437 curia.

46 1475 80 1527 15
127 1471 185 1525 XL.
199 1472 263 1524 Ate
276 1471 408 1524 contrario
418 1471 472 1523 illis
484 1488 582 1524 nomen
592 1470 719 1542 factionis
732 1488 880 1524 accommo-

91 1559 211 1611 dandum
224 1565 270 1626 est,
281 1558 328 1627 qui
339 1559 369 1609 in
381 1558 474 1610 odium
483 1559 616 1611 bonorum
628 1564 656 1611 et
664 1559 811 1629 proborum
820 1575 880 1610 con-

90 1645 200 1714 spirant,
215 1644 262 1714 qui
281 1643 422 1696 aduersum
442 1644 602 1715 sanguinem
616 1644 802 1698 innocentium
821 1662 881 1697 con-

91 1731 217 1799 clamant,
224 1736 409 1801 praetexentes
422 1748 486 1783 sane
499 1731 535 1783 ad
544 1731 600 1784 odii
609 1731 795 1784 defensionem
804 1730 882 1782 illam

92 1834 198 1886 quoque
215 1816 371 1882 uanitatem,
387 1817 460 1885 quod
479 1817 633 1869 existiment
651 1817 738 1872 omnis
756 1816 882 1886 publicae

49 1905 83 1955 20
93 1901 184 1969 cladis,
199 1901 289 1954 omnis·
304 1900 440 1970 popularis
458 1902 626 1954 incommodi
643 1901 808 1954 Christianos
826 1918 882 1953 esse

92 1987 123 2037 in
141 2004 239 2039 caussa.
277 1984 307 2038 Si
324 1984 429 2038 Tiberis
451 1986 571 2038 ascendit
587 1987 616 2037 in
635 1987 749 2054 moenia,
764 1986 786 2039 si
801 1985 883 2038 Nilus

95 2089 150 2123 non
160 2072 280 2124 ascendit
289 2073 317 2123 in
328 2091 399 2141 arra,
409 2075 431 2126 si
441 2074 546 2127 coelum
555 2074 634 2140 stetit,
643 2075 665 2125 si
674 2080 745 2125 terra
756 2073 850 2140 movit,
859 2073 883 2124 si·

94 2154 189 2224 fames,
200 2157 222 2208 si
231 2156 296 2223 lues,
306 2157 397 2210 statim
409 2158 598 2211 “Christianos
611 2158 646 2210 ad
655 2157 784 2211 leonem.⁷’
813 2157 882 2210 Tan-

92 2245 133 2290 tos
152 2239 187 2290 ad
201 2237 304 2289 unum?
341 2236 397 2291 Oro
415 2255 469 2306 vos,
483 2245 544 2291 ante
557 2237 703 2307 Tiberium,
715 2239 745 2292 id
763 2245 803 2292 est
821 2246 884 2292 ante

50 2323 83 2375 25
93 2323 194 2377 Christi
212 2323 367 2392 adventum,
383 2328 506 2395 quantae
521 2324 610 2377 clades
631 2326 725 2378 orbem
745 2332 772 2378 et
788 2326 884 2379 urbem

94 2410 265 2462 ceciderunt?
302 2408 428 2480 Legimus
440 2410 554 2479 Hieran,
563 2410 699 2481 Anaphen
715 2418 743 2464 et
751 2410 843 2464 Delon
857 2417 884 2464 et

94 2493 212 2547 Rhodon
227 2501 254 2547 et
264 2493 303 2547 Co
317 2495 418 2548 insulas
430 2496 522 2549 multis
537 2515 600 2559 cum
611 2497 731 2550 millibus
743 2496 885 2550 hominum

94 2597 202 2649 pessum
221 2580 324 2632 abiisse.
361 2578 497 2633 Memorat
515 2588 542 2633 et
556 2580 637 2633 Plato
656 2583 787 2634 maiorem
801 2581 885 2633 Asiae

95 2671 122 2717 et
135 2664 249 2717 Africae
267 2671 368 2717 terram
380 2665 519 2717 Atlantico
534 2666 603 2717 mari
622 2672 748 2736 ereptam.
786 2664 841 2719 Sed
859 2673 886 2719 et

52 2755 86 2806 30
96 2769 171 2804 mare
184 2749 355 2803 Corinthium
366 2755 453 2802 terrae
465 2756 553 2803 motus
565 2751 657 2818 ebibit,
667 2758 694 2804 et
703 2752 743 2805 vis
752 2752 886 2805 undarum

95 2837 245 2891 Lucaniam
259 2834 356 2887 ltaliae
375 2836 515 2888 abscissam
532 2837 561 2887 in
579 2835 688 2889 Siciliae
706 2855 805 2890 nomen
822 2838 887 2891 rele-

95 2926 176 2995 gavit.
214 2921 293 2975 Haec
305 2922 399 2991 utique
411 2940 466 2975 non
479 2922 536 2975 sine
548 2922 646 2975 iniuria
657 2910 833 2976 incolentium
845 2943 886 2977 ac-
