1921 3312
95 128 130 179 62
271 140 314 183 ou,
328 139 404 175 mon.
419 139 489 175 surr.
503 136 711 174 marummnus.

71 267 73 270 ’
95 269 184 323 studia
207 267 240 319 de
264 266 325 337 lege
350 267 438 337 deque
463 267 556 320 divina
580 267 702 320 doctrina
730 264 889 335 concepisse.

97 353 177 415 Quod
186 353 260 423 prius
270 358 318 421 cst,
325 352 377 406 hoc
387 354 422 406 sit
431 371 523 406 semen
531 371 639 405 necesse
649 359 695 405 est.
732 351 802 404 Inde
813 354 892 421 quae-

97 440 160 492 dam
184 440 326 492 nobiscum
345 439 389 492 rel
406 457 490 510 prope
514 457 563 492 nos
581 438 693 491 habetis.
730 437 775 491 De
800 437 893 509 sophia

97 543 173 578 amor
183 526 240 578 eius
248 524 418 596 philosophia
425 526 556 578 vocitatus
566 532 613 593 cst,
623 525 656 577 de
665 526 806 596 prophetia
815 524 893 578 affec-

74 612 164 678 5tatio
184 613 241 664 eius
259 612 394 681 poeticam
411 611 630 664 vaticinationem
643 611 792 681 deputavit.
830 611 893 664 Glo-

99 699 155 750 riae
169 697 299 764 homines,
314 697 336 749 si
352 697 418 767 quid
437 698 604 764 invenerant,
620 704 650 749 ut
668 699 808 769 proprium
822 697 894 751 face·
931 728 933 732 ·

99 791 168 851 rent,
179 784 414 849 adulteraverunt3
434 784 516 835 etiam
526 782 660 836 fructibus
673 802 689 835 a
702 785 803 837 semine
816 784 894 854 dege-

100 887 194 921 nerare
217 868 337 938 contigit.
374 867 471 919 Multis
494 868 582 935 adhuc
601 869 635 921 de
654 875 786 922 vetustate
799 870 894 922 'modis

101 956 272 1008 consisterem
287 954 439 1007 divinarum
454 954 614 1023 litterarum,
628 955 650 1007 si
664 972 720 1007 non
730 956 821 1009 'maior
835 974 895 1008 auc-

58 1057 92 1107 10
101 1043 194 1095 1111115
209 1041 263 1093 11115
278 1041 313 1093 ad
326 1039 411 1096 fidem
430 1041 464 1093 de
478 1041 598 1094 veritatis
613 1059 675 1094 snae
690 1043 800 1114 riribus,
814 1060 896 1112 qnam
936 1082 938 1084 ψ

103 1128 138 1181 de
153 1128 247 1181 aetatis
266 1126 406 1180 annalibus
422 1128 587 1198 suppetisset.
625 1126 699 1189 Quid
714 1130 786 1182 enirn
805 1136 896 1200 poten-

104 1215 157 1267 tius
172 1213 386 1284 patrocinabitur
402 1214 554 1267 testimonio
570 1214 732 1281 earum,nisi
745 1216 896 1285 dispunctio

104 1300 261 1370 quotidiana
275 1299 359 1352 seculi
372 1301 460 1368 totius,
471 1319 534 1352 cum
547 1300 731 1371 dispositiones
744 1319 896 1372 regnorum,

105 1405 168 1439 cum
187 1403 263 1438 casus
281 1386 398 1454 urbium,
412 1404 475 1438 oum
490 1387 575 1438 exitus
593 1387 723 1457 gentium,
737 1405 799 1439 cum
814 1394 897 1440 status

60 1487 93 1537 15
105 1479 258 1543 temporum
279 1473 317 1524 ita
339 1473 463 1525 omnibns
484 1472 652 1542 respondent,
668 1473 897 1541 quemadmodum

106 1567 168 1613 ante
190 1560 277 1612 millia
299 1577 432 1612 annorum
454 1558 730 1628 praenuntiabantur?
767 1558 849 1611 Unde
871 1565 898 1611 et

105 1665 163 1717 spes
176 1654 273 1713 nostra,
288 1663 370 1716 qnam
384 1645 485 1713 ridetis,
500 1645 643 1712 animatur,
656 1651 683 1697 et
694 1644 802 1713 fiducia,
816 1663 898 1715 quam

105 1734 351 1804 praesumptionem
375 1732 485 1799 vocatis,
504 1732 696 1784 corroboratur.
733 1731 836 1784 Idonea
861 1739 899 1784 est

107 1822 181 1872 enim
195 1821 343 1891 recognitio
358 1819 563 1889 praeteritorum
579 1816 614 1868 ad
626 1817 821 1886 disponendam
832 1816 900 1869 fidn-

63 1917 96 1965 20
108 1907 179 1958 ciam
187 1906 357 1958 futurorum:
376 1904 472 1956 eadem
481 1920 559 1954 noces
568 1902 793 1971 praedicaverunt
802 1908 900 1954 utram-

108 2008 160 2060 que
179 1997 291 2061 partem,
307 1992 402 2044 eadem
420 1991 525 2042 litterae
544 1993 711 2040 notaverunt.
749 1987 843 2039 Unum
861 1995 901 2040 est

108 2083 213 2147 tempus
232 2077 304 2147 apud
319 2077 386 2145 illas,
401 2062 473 2146 quod
494 2073 566 2143 apud
584 2090 632 2125 nos
651 2074 768 2143 separari
786 2074 899 2126 ridetur.

108 2163 152 2217 Ita
164 2166 255 2218 omnia
268 2183 337 2235 quae
350 2172 492 2236 supersunt
504 2162 655 2233 improbata
668 2168 731 2213 sunt
742 2161 828 2228 nobis,
838 2162 901 2232 qnia

108 2270 170 2304 cnm
188 2252 333 2321 illiqunae
351 2253 464 2324 probata
482 2257 551 2318 sunt,
563 2255 629 2301 tunc
647 2245 746 2299 futuris
766 2248 901 2317 praedica-

64 2342 97 2392 25
106 2339 213 2392 bantur.
250 2338 373 2407 Habetis,
387 2339 460 2409 quod
475 2338 566 2405 sciam,
581 2342 608 2387 ct
622 2351 669 2386 ros
685 2332 826 2404 Sibyllam,
839 2351 902 2403 qua-

108 2432 186 2478 tenus
202 2412 382 2495 appellatione
394 2427 445 2478 ista
458 2443 521 2478 uera
534 2430 609 2476 rates
622 2421 666 2475 dei
678 2421 736 2473 reri
750 2420 849 2490 passim
862 2422 902 2472 su-

109 2529 158 2582 per
177 2517 284 2577 ceteros,
301 2511 347 2579 qui
365 2511 506 2563 vaticinari
524 2511 693 2576 ridebantur,
711 2512 837 2575 usurpata
855 2512 902 2571 est,

110 2598 179 2651 sicut
198 2602 300 2648 vestrae
319 2595 439 2665 Sibyllae
459 2614 559 2647 nomen
578 2596 612 2647 de
631 2594 743 2647 veritate
762 2590 902 2657 mentitae,

111 2681 341 2753 quemadmodum
354 2688 381 2733 et
394 2681 550 2748 1111111111]

66 2773 99 2822 30
147 2768 249 2820 Omnes
263 2768 355 2835 itaque
371 2766 540 2832 substantias,
550 2782 696 2834 omnesque
711 2762 843 2832 materias,
854 2764 903 2816 ori-

109 2855 194 2927 gines
210 2853 325 2920 ordines,
338 2870 420 2905 renas
439 2851 559 2904 veterani
581 2849 710 2921 cuiusque
732 2853 795 2923 styli
806 2849 902 2920 nestri,

109 2948 203 3013 gentes
216 2940 299 2993 etiam
311 2938 452 3009 plerasque
465 2945 492 2991 et
504 2935 589 2991 urbes
600 2938 717 3009 insignes
732 2933 904 2994 historiarum
