1921 3312
399 132 438 169 nu
455 133 605 172 unsrrnns.
666 161 668 166 ,
863 118 897 169 11

107 256 237 335 martyres
249 261 353 314 invitat.
391 258 483 330 Ipsam
495 261 604 314 interim
617 263 847 317 conversationem
860 279 898 316 se·
938 252 941 259 ’

108 349 163 402 culi
181 354 208 400 et
224 347 337 399 carceris
356 363 550 419 comparemus,
563 347 585 398 si
599 365 654 401 non
668 349 729 419 plus
743 349 773 400 iu
792 366 899 402 carcere

107 426 215 505 spiritus
236 433 360 502 acquirit,
376 450 459 502 quam
481 450 541 486 caro
564 434 679 501 amittit3
703 434 759 486 imo
780 431 899 507 atquae

107 521 178 572 iusta
196 524 259 572 sunt
277 536 338 571 caro
356 535 411 570 non
430 519 531 571 amittit
548 536 597 588 per
616 537 709 571 curam
727 521 854 575 ecclesiae
873 530 900 575 et

73 637 76 639 -
108 621 213 676 agapen
225 602 392 676 irat1·um,'et
406 604 516 674 insuper
531 620 601 673 quae
616 613 721 675 semper
737 607 814 660 utilia
825 608 899 676 fidei,
925 612 940 662 5

108 686 216 761 spiritns
226 688 394 760 adipiscitur
422 689 486 742 Non
494 689 569 743 vides
580 684 681 744 alienos
690 692 761 761 deos,
770 697 826 746 non
834 695 901 746 ima-

107 778 216 849 ginibus
228 794 323 830 eorum
334 776 457 845 incurris,
467 795 523 830 non
535 777 678 832 sollemnes
690 780 833 833 nationum
844 780 901 832 dies

107 857 166 934 ipsa
188 859 379 938 commixtione
397 862 549 935 participas
566 883 622 918 nou
639 866 778 920 nidoribus
798 867 902 937 spurcis

108 941 267 1018 verberaris,
276 968 332 1003 non
347 948 509 1003 clamoribus
524 952 747 1021 spectaculorum,
760 954 901 1005 atrocitate

108 1037 152 1089 vel
160 1032 253 1089 furore
265 1036 309 1088 rel
317 1036 488 1106 impudicitia
501 1031 696 1091 celebrantium
710 1038 837 1105 caederis,
846 1041 901 1091 non
907 1043 942 1093 10

108 1115 215 1184 inloca
226 1121 374 1185 libidinum
392 1122 564 1192 publicarum
583 1123 655 1176 oculi
672 1123 714 1176 tui
731 1123 901 1194 impingunt:

109 1203 187 1261 sacas
206 1226 222 1259 a
240 1207 380 1275 scandalis,
394 1196 410 1260 a
425 1208 624 1276 tentationibus,
638 1228 654 1261 a
673 1209 902 1263 recordationibus

109 1290 194 1363 malis,
207 1294 262 1347 iam
284 1301 311 1348 et
329 1313 346 1348 a
366 1295 558 1365 persecutione.
596 1294 658 1348 Hoc
676 1302 793 1366 praestat
811 1313 903 1349 carcer

110 1380 270 1449 Christiano,
279 1382 351 1453 quod
364 1399 470 1433 eremus
480 1380 630 1451 Prophetis.
646 1383 647 1387 ’
664 1381 726 1452 Ipse
736 1381 861 1434 dominus
872 1382 902 1432 in
918 1376 919 1379 '

110 1485 215 1522 secessu
229 1466 402 1538 frequentius
418 1467 523 1538 agebat,
537 1473 567 1520 ut
581 1467 694 1521 liberius
713 1474 807 1536 oraret,
816 1474 848 1521 ut
865 1473 942 1536 se-15

110 1548 304 1607 antecederet.
343 1552 467 1607 Gloriam
486 1553 603 1622 denique
621 1572 698 1607 suam
717 1554 855 1625 discipulis
873 1554 902 1606 in

110 1638 254 1692 solitudine
280 1639 480 1695 demonstravit.
522 1637 692 1705 Auferamus
719 1641 831 1692 carceris
855 1658 902 1692 no-

109 1743 181 1794 meu,
191 1742 322 1778 secessum
336 1741 468 1777 vocemus.
505 1722 565 1776 Etsi
577 1741 673 1795 corpus
685 1724 842 1793 includitur,
851 1726 901 1778 etsi
915 1731 916 1734 ’

111 1829 173 1864 caro
186 1810 330 1879 detinetur,
340 1811 431 1885 omnia
447 1809 552 1880 spiritui
564 1800 665 1879 patent.
701 1810 812 1882 Vagare
827 1809 902 1882 spiri-

110 1905 149 1965 tu,
162 1895 278 1968 spatiare
293 1897 396 1968 spiritu,
409 1902 437 1949 et
451 1914 507 1949 non
521 1896 608 1949 stadia
622 1914 706 1967 opaca
725 1893 771 1949 aut
784 1898 902 1968 porticus
909 1904 943 1955 20

110 1981 204 2055 longas
218 2002 368 2054 proponens
383 1983 441 2051 tibi,
452 1983 499 2036 sed
510 1982 587 2035 illam
599 1983 679 2052 viam,
690 2001 758 2053 quae
773 1984 808 2037 ad
821 1983 904 2037 deum

110 2070 193 2123 ducit.
231 2068 362 2136 Quotiens
374 2087 442 2122 eam
460 2070 556 2140 spiritu
571 2068 793 2138 deambulaveris,
805 2071 903 2123 totiens

110 2158 140 2209 in
149 2176 260 2227 carcere
268 2163 326 2211 'non
340 2156 399 2211 eris.
436 2156 515 2210 Nihil
522 2157 588 2222 crus
596 2157 684 2211 ‘sentit
695 2158 725 2210 in
738 2175 830 2227 nerse,
840 2176 903 2211 cum

111 2244 217 2295 animus
234 2244 264 2295 iu
282 2244 357 2297 coelo
375 2249 422 2295 est.
446 2243 560 2296 -Tntum
573 2232 712 2296 hominem
730 2244 835 2296 animus
854 2244 903 2296 cir·

111 2327 237 2394 cumfert,
247 2333 275 2380 et
288 2327 342 2397 quo
355 2327 430 2395 velit,-
438 2327 574 2380 transfert.
612 2327 669 2380 Ubi
684 2332 776 2380 autem
791 2328 842 2380 erit
856 2332 944 2383 cor25

111 2408 196 2482 tuum,
208 2412 266 2465 illic
283 2412 336 2465 erit
351 2418 378 2465 et
395 2411 535 2465 thesaurus
553 2419 623 2465 tuus.
661 2412 706 2466 lbi
721 2430 785 2484 ergo
804 2413 839 2466 sit
858 2431 903 2467 cor

111 2496 241 2567 nostrum,
251 2499 299 2551 ubi
306 2498 438 2552 'volumus
449 2498 726 2568 liaberethesaurnm.

147 2585 202 2639 ΠΙ.
219 2584 261 2638 Sit
278 2603 359 2653 nunc,
373 2585 517 2653 benedicti,
533 2587 624 2638 carcer
642 2587 725 2639 etiam
745 2584 903 2639 Christianis

111 2672 257 2725 molestusl
294 2671 393 2725 Vocati
411 2689 503 2740 sumus
521 2671 557 2724 ad
572 2671 699 2724 militiam
715 2672 759 2725 dci
775 2673 830 2724 vivi
848 2674 903 2725 iam

111 2755 185 2827 tune,
195 2756 258 2810 curn
270 2757 300 2809 iu
312 2758 472 2810 sacramenti
481 2757 567 2826 ,verba
581 2758 775 2828 respondimus.
804 2758 902 2812 Nemo
912 2761 945 2811 30

87 2840 88 2844 ’
111 2844 189 2897 miles
204 2842 357 2897 ad‘bellum
372 2842 553 2915 cumdeliciis
568 2844 650 2911 venit,
662 2862 713 2897 uec
729 2844 762 2896 de
778 2844 902 2897 cubiculo
940 2913 942 2917 ι

112 2929 147 2981 ad
166 2928 252 2994 aciem
270 2928 399 2998 procedit,
412 2928 459 2980 sed
474 2928 507 2981 de
525 2928 707 2998 papilionibus
720 2930 856 2999 expeditis
874 2932 913 2982 et
