1921 3312
80 119 132 170 150
255 135 297 176 cn.
312 135 380 170 surr.
395 135 470 170 reon.
484 133 690 170 rnarummuus.

79 268 129 328 tcr,
141 261 286 314 Samarites
298 268 325 314 et
338 261 511 315 daemonium
520 262 628 316 habens.
646 281 648 284 ’
660 261 716 315 Hic
729 267 776 330 est,
786 279 873 331 quem·

80 367 96 400 a
112 346 182 399 luda
200 346 357 413 redemistis,
370 347 415 400 hic
425 353 474 401 ¹est
488 349 535 401 ille
554 349 693 402 arundine
703 355 731 401 et
750 346 873 417 colaphis,

80 434 270 500 diverberatus,
283 436 459 504 sputamentis
474 433 868 503 dedecoratus,felleet'aceto

79 527 206 591 putatus.⁴
227 518 283 572 Hic
296 527 343 587 est,
352 524 433 590 quem
447 520 518 573 clam
528 521 662 574 discentes
671 519 869 590 subripuerunt,

54 610 112 662 5ut
131 609 304 676 resurrexisse
326 607 440 676 dicatur,
453 607 497 660 rel
516 607 673 661 hortulanus
695 607 818 675 detraxit,
834 624 869 658 ne

80 695 202 750 lactucae
220 714 284 749 suae
298 695 453 766 frequentia
468 696 677 749 commeantium
692 694 868 747 laederentur.

83 780 123 833 Ut
135 782 199 834 talia
214 782 323 852 spectes,
333 792 364 836 ut
376 784 475 836 talibus
490 781 612 850 exsultes,
623 784 682 852 quis
696 782 754 848 tibi,
763 787 870 850 praetor

82 873 129 918 aut
144 868 244 935 consul,
257 877 304 921 aut
317 876 448 939 quaestor,
461 876 508 922 aut
522 869 652 936 sacerdm,
665 868 761 921 desua
774 867 870 919 libera-

81 952 157 1005 litate
172 956 333 1025 praestabat
369 955 406 1008 Et
417 953 511 1009 tamen
522 953 589 1008 haec
601 956 657 1008 iam
670 954 869 1025 quodammodo

40 1042 74 1092 10
83 1038 212 1093 habemus
224 1059 273 1112 per
284 1041 373 1095 fidem.
380 1042 476 1113 spiritu
487 1038 653 1113 imaginante
665 1042 869 1112 repraesentata.

84 1126 212 1181 Ceterum
228 1130 318 1199 qualia
331 1130 379 1183 illa
393 1138 462 1199 sunt,
476 1147 609 1200 quae-nec
624 1130 716 1183 oculus
731 1130 807 1197 uidit,
820 1146 870 1181 nec

84 1215 155 1266 auris
168 1214 278 1283 audivit,
287 1232 338 1268 nec
350 1216 380 1267 in
392 1233 438 1269 cor
449 1216 565 1268 hominis
578 1215 771 1268 ascenderuutl
809 1213 871 1266 Ore-

85 1299 128 1367 dc,
142 1300 212 1353 circe
226 1306 253 1352 et
265 1301 383 1372 utraque
391 1319 472 1355 cavea
484 1307 512 1354 et
524 1301 597 1354 omui
610 1301 696 1354 stadio
707 1300 832 1372 gratiora.
