1921 3312
356 165 358 167 ·
394 157 598 195 nrouoourrous
863 138 897 190 51

99 288 170 343 dero.
184 287 249 360 quid
264 287 325 341 sint.
364 284 503 349 Quantum
521 287 605 359 igitur
620 287 654 340 de
669 287 720 341 diis
735 285 838 353 vestris,
851 303 897 339 no-

99 374 356 430 minasolummodo
366 375 447 428 video
461 374 633 446 quorundam
642 381 766 428 veterum
779 378 897 427 mortuo-

98 481 160 516 rum
173 469 201 516 et
209 461 317 517 fabulas
330 462 419 531 audio,
429 469 456 516 et
469 480 544 516 sacra
557 463 592 516 de
602 461 704 515 fabulis
717 478 895 532 recognosco;

99 556 232 620 quantum
245 558 336 603 autem
350 550 384 603 de
393 549 543 603 simulacris
553 549 626 621 ipsis,
635 548 705 600 nihil
717 547 792 601 aliud
802 548 895 618 depre-

98 636 196 708 hende,
205 653 286 707 quam
298 637 424 706 materias
437 641 538 689 sorores
552 653 609 699 esse
618 634 789 688 vasculorum
797 634 894 687 instru-
914 642 930 694 5

99 730 305 793 mentorumque
331 722 524 791 communium,
540 721 584 774 rel
605 739 640 774 ex
663 720 762 774 iisdem
780 720 894 773 vasculis

99 815 126 861 et
140 810 324 879 instrumentis
339 809 416 879 quasi
428 807 519 860 fatum
535 808 734 861 consecratione
749 813 892 876 mutantes,

98 895 209 948 licentia
231 896 295 948 artis
313 893 528 966 transfigurante,
543 902 570 947 et
589 894 700 964 quidem
719 894 892 947 contumelio-

99 981 200 1034 sissime
219 982 295 1034 etin
315 981 472 1051 ipso'opere
497 981 632 1052 sacrilege,
648 988 679 1033 ut
698 998 792 1033 revera
813 981 892 1033 nobis

98 1068 224 1134 maxime,
237 1068 285 1137 qui
302 1073 411 1138 propter
426 1067 490 1119 deos
508 1068 579 1137 ipsos
596 1067 751 1137 plectimur,
766 1066 931 1125 solatiumlo

8 1183 19 1191 ι
45 1224 47 1227 .
98 1171 248 1223 poenarum
265 1171 321 1206 esse
335 1154 426 1222 possit,
439 1153 512 1223 qumi
526 1153 622 1205 eadem
637 1160 664 1205 et
678 1153 730 1222 ipsi
743 1153 892 1223 patiuntur,

99 1245 130 1291 ut
148 1238 222 1291 fiant.
261 1237 393 1292 Crucibus
411 1246 439 1297 et
457 1239 591 1309 stipitibus
607 1239 745 1309 imponitis
765 1237 892 1310 Christia-

63 1383 64 1386 Ἴ
99 1342 162 1378 nos:
182 1324 255 1394 quod
273 1324 447 1377 simulacrum
467 1342 523 1377 non
544 1325 618 1396 prius
640 1324 737 1395 argilla
756 1323 892 1379 deformat

100 1411 174 1463 cruci
196 1418 222 1463 et
243 1411 327 1480 stipiti
346 1411 542 1481 superstructa?
579 1409 612 1461 ln
631 1409 753 1479 patibulo
771 1411 891 1481 primum

100 1514 195 1568 corpus
205 1497 250 1550 dei
260 1497 339 1549 vestri
349 1497 496 1569 dedicatur.
533 1495 652 1567 Ungulis
665 1495 794 1549 deraditis
806 1497 933 1557 latera15
951 1483 952 1487 Ἰ

100 1582 329 1649 Christianorum
345 1589 372 1635 at
381 1583 410 1634 iu
420 1583 483 1636 de'os
491 1589 593 1637 vestros,
603 1588 652 1653 per
665 1583 757 1636 omnia
767 1585 892 1637 membra

99 1668 215 1720 ualidius
233 1668 395 1720 incumbunt
414 1669 500 1721 asciae
519 1675 547 1721 et
564 1669 693 1722 runcinae
712 1676 740 1722 et
758 1671 891 1724 scobinae.

101 1753 225 1807 Cervices
245 1754 386 1824 ponimus:
408 1760 477 1810 ante
491 1754 636 1824 plumbum
651 1761 685 1811 et
706 1755 843 1827 glutinum
858 1763 892 1810 et

100 1839 231 1911 gomphos
246 1841 303 1892 sine
316 1839 403 1910 capite
418 1846 481 1892 sunt
493 1840 534 1892 dii
545 1841 634 1900 uestri
671 1840 719 1894 Ad
732 1828 829 1896 bestias
844 1843 892 1895 im-

49 1944 51 1948 *
101 1926 240 1997 pellimun
252 1932 323 1979 certe
336 1943 401 1997 quas
413 1925 555 1980 Libero'et
567 1925 669 1998 Cybele
682 1934 709 1981 et
722 1925 838 1982 Ooelesti
850 1935 937 2001 ap-20

101 2012 214 2082 plicatis.
248 2012 363 2083 ignibus
372 2013 492 2065 urimur:
508 2013 774 2085 hocetilli'aprima
784 2015 895 2085 quidem

101 2116 196 2150 massa.
222 2097 275 2149 ln‘
286 2098 399 2151 metalla
417 2098 593 2160 damnamur:
613 2100 677 2153 inde
697 2108 839 2154 censentur
857 2102 896 2155 dii

101 2184 191 2235 vestri.
228 2183 265 2240 In*
277 2184 379 2236 insulas
393 2184 561 2256 relegamur:
580 2186 648 2238 solet
660 2192 688 2239 et
699 2187 729 2238 in
740 2187 835 2240 insulis
850 2189 895 2240 ali-

103 2268 162 2337 quis
172 2268 238 2320 deus
247 2275 393 2321 vester-aut
402 2271 475 2322 nasci
488 2277 535 2322 aut
544 2271 619 2321 mori.
654 2270 684 2322 si
696 2280 745 2340 per
753 2271 820 2323 haec
833 2290 894 2324 con-

103 2359 155 2406 stat
170 2353 297 2405 divinitas
315 2353 413 2423 aliqua,
427 2371 491 2424 ergo
510 2355 557 2423 qui
572 2354 722 2423 puniuntur
741 2357 938 2413 consecran-'25

103 2447 155 2507 tur,
168 2445 195 2491 et
209 2438 322 2491 numina
340 2446 419 2491 eruut
434 2439 549 2492 dicenda
567 2440 720 2510 supplicia·
744 2441 804 2514 Sed·
813 2442 895 2514 plane

103 2542 158 2577 uon
173 2524 291 2576 sentiunt
304 2523 482 2576 hasiniurias
497 2531 524 2576 et
540 2525 716 2578 contumelias
735 2536 798 2580 su'ae
813 2527 896 2581 fabri-

91 2610 216 2663 cationis
235 2610 274 2662 dii
295 2609 385 2676 vestri,
404 2608 473 2661 sicut
497 2626 547 2662 nec
572 2610 708 2680 obsequia.
746 2612 771 2664 Ο
796 2614 895 2684 impiae

103 2714 190 2764 voces,
202 2715 221 2756 ,o
243 2695 375 2766 sacrilega
396 2695 531 2748 convicia!
553 2694 710 2765 infrendite,
725 2697 893 2770 inspumate!

103 2782 188 2835 iidem
201 2783 270 2851 estis,
280 2782 327 2852 qui
338 2780 468 2835 Senecam
481 2780 599 2850 aliquem
611 2782 735 2853 pluribus
743 2777 895 2838 ‘et'amario
905 2792 939 2843 30

104 2868 178 2921 ribus
191 2869 225 2922 de
233 2875 325 2922 restra
340 2868 526 2938 superstitione
540 2876 712 2944 perorantem
726 2870 896 2941 reprehendi-

105 2954 158 3005 stis.
196 2954 285 3025 Igitur
303 2954 325 3007 si
341 2961 439 3007 statuas
458 2959 490 3007 et
499 2953 637 3024 imagines
646 2954 761 3025 frigidas
776 2961 896 3009 ‘mortuo-

473 3037 524 3089 Oa
