1921 3312
314 184 315 187 ,
380 146 581 182 Areiocnmcus.
747 188 749 192 ¹
843 128 878 178 39

86 276 140 329 stis.
177 273 306 328 Laudatis
324 289 430 342 semper
448 272 645 341 antiquitatem,
654 279 682 325 et
700 289 769 325 nove
784 270 818 323 de
833 270 878 323 die

16 357 18 360 ’
86 362 184 415 vivitis.
221 358 277 411 Per
291 357 364 427 quod
376 357 535 424 ostenditur,
544 357 611 410 dum
625 377 642 411 a
653 359 730 411 bonis
743 358 879 411 maiorum

86 445 214 500 institutis
227 443 365 511 deceditis,
378 461 409 495 ea
421 461 468 496 vos
483 431 598 495 retinere
613 451 640 496 et
655 443 796 511 custodire,
809 437 879 512 quae

45 592 49 597 ¹
87 549 140 584 non
162 529 299 598 debuistis,
316 547 379 581 cum
401 546 470 598 quae
488 528 617 581 debuistis
641 546 697 581 non
721 529 878 582 custodistis,

87 616 182 687 ipsum
195 614 285 686 adhue
298 614 372 684 quod
381 614 513 669 uidemini
521 612 676 666 fidelissime
688 614 759 666 tueri
771 632 788 665 a
798 614 879 684 patriss
905 622 920 670 5

87 703 137 755 bus
148 701 291 772 traditum,
303 701 331 752 in
348 718 402 769 quo
420 699 607 770 principaliter
624 717 683 752 reos
697 699 881 768 transgressio-

87 788 129 839 nis
145 786 311 840 Christianos
331 786 478 854 destinatis,
497 786 618 839 studium
632 785 693 838 dieo
708 785 822 837 deorum
840 801 881 836 00-

88 873 238 941 lendorum,
252 873 286 926 de
308 890 361 942 quo
386 872 503 925 maxime
525 865 625 924 erravit
639 861 802 941 antiquitas,
817 869 880 922 licet

89 959 213 1030 Serapidi
222 960 280 1012 iam
292 958 417 1012 Romano
429 976 488 1011 aras
500 958 687 1025 restruxeritis,
695 957 760 1010 licet
772 955 880 1008 Baccho
941 987 942 990 =

88 1046 144 1098 iarn
157 1044 253 1098 italico
265 1044 351 1097 furias
364 1051 464 1096 uestras
476 1043 688 1110 immolaveritis,
697 1059 744 1094 suo
756 1042 816 1094 loeo
832 1046 881 1093 ost·
887 1048 921 1098 10

89 1131 188 1194 endam
206 1130 319 1201 proinde
335 1129 437 1200 despici
452 1135 479 1182 et
494 1129 598 1200 negligi
613 1135 641 1181 et
655 1128 757 1181 destrui
775 1146 792 1180 a
805 1127 882 1180 vobis
944 1159 946 1163 f

89 1217 215 1276 adversus
233 1217 367 1269 maiorum
386 1215 580 1268 auctoritatem.
608 1213 699 1267 ,Nunc
715 1214 788 1272 enim
801 1213 838 1284 *ad
851 1212 882 1265 il-:

89 1301 144 1354 lam
160 1301 327 1354 occultorum
339 1300 494 1354 facinorum
508 1299 653 1353 infamiam
667 1299 883 1371 respondebant

89 1388 166 1441 viam.
174 1386 242 1440 mihi
255 1388 290 1440 ad
306 1385 491 1441 manifestiora
502 1404 625 1457 purgem.
755 1450 757 1455 ¹

125 1472 193 1527 VH.
207 1472 334 1526 Dicimur
352 1472 548 1527 sceleratissimi
564 1473 599 1526 de
614 1479 780 1526 sacramento
794 1472 923 1526 mian-15

89 1558 216 1611 tioidii'et
224 1558 324 1628 pabulo
336 1559 408 1626 inde,
418 1564 445 1611 et
454 1565 515 1628 post
527 1558 682 1611 convivium
688 1559 800 1626 incest0,
810 1558 884 1628 quod

33 1637 34 1640 ¹
90 1662 222 1697 eversores
232 1644 366 1715 luminum
376 1662 462 1712 canes,
470 1644 580 1697 lenones
592 1645 702 1712 seilicet,
710 1645 883 1698 tenebrarum

90 1737 117 1782 et
128 1730 274 1799 libidinum
286 1731 432 1801 impiarum
443 1731 635 1785 inverecundia
646 1734 810 1802 prccurent·
834 1729 883 1782 Di-

91 1817 178 1869 cimur
192 1824 284 1870 tamen
299 1835 411 1887 semper,
424 1835 474 1871 nec
489 1836 535 1870 vos
550 1818 624 1887 quod
636 1818 756 1871 tamdiu
768 1817 884 1870 dicimur

91 1920 186 1973 eruere
193 1903 299 1955 curatis.
336 1902 410 1975 Ergo
423 1911 470 1957 aut
478 1904 571 1972 eruite,
581 1904 604 1957 si
617 1904 733 1971 creditis,
743 1909 789 1956 aut
800 1903 884 1956 nolite
892 1904 927 1955 20

91 1988 268 2059 orede1·e,qui
286 2007 342 2042 non
361 1990 485 2043 eruistis
506 1988 556 2043 De
571 1996 658 2043 restra
672 1990 748 2043 uobis
764 1989 885 2043 dissimu-

91 2074 192 2127 latione
207 2077 405 2145 praescribitur,
418 2096 473 2131 non
489 2096 552 2147 esse,
566 2079 640 2148 quod
648 2097 701 2132 nec
715 2078 768 2148 ipsi
782 2076 887 2130 audetis

8 2201 13 2209 .
92 2177 193 2212 eruere.
229 2159 322 2232 Longe
337 2162 413 2215 aliud
427 2181 526 2216 munus
542 2163 662 2217 carnifici
676 2165 705 2216 in
721 2162 886 2215 Christianos

92 2244 237 2314 imperatis,
249 2264 305 2298 non
319 2252 351 2298 ut
363 2247 455 2301 dicant
470 2266 539 2317 quae
553 2247 666 2315 faciunt,
679 2249 727 2301 sed
742 2254 771 2300 ut
786 2252 886 2316 negent

93 2330 164 2399 quod
176 2337 248 2382 sunt.
273 2330 388 2384 Census
407 2333 483 2384 istius
498 2333 664 2402 disciplinae,
678 2339 709 2384 ut
726 2332 790 2384 iam.
801 2331 885 2384 edidi·
893 2332 928 2384 25

38 2433 40 2437 ’
92 2432 160 2482 mus,
173 2433 189 2467 a
204 2415 312 2469 Tiberio
327 2423 374 2470 est.
411 2416 483 2470 Oum
497 2418 559 2471 odio
574 2418 616 2470 sui
631 2418 720 2488 coepit
734 2418 840 2485 veritae,
853 2417 885 2469 si-

92 2500 152 2552 mul
171 2507 252 2571 atque
262 2502 401 2572 apparuit,
413 2502 524 2555 inimica
542 2520 606 2555 esse.
643 2502 696 2556 Tot
714 2502 803 2556 hostes
819 2503 886 2556 eius.

94 2594 160 2657 quot
170 2588 302 2655 extranei,
314 2579 467 2657 etquidem
481 2588 584 2657 proprii
598 2606 632 2640 ex
647 2588 827 2642 aemulatione
842 2588 889 2640 Iu.

94 2673 164 2741 daei,
174 2691 208 2725 ex
223 2673 394 2726 concussione
409 2672 516 2740 milites,
526 2691 560 2725 ex
571 2680 669 2726 natura
683 2674 735 2744 ipsi
747 2674 829 2727 etiam
842 2674 889 2727 do:

94 2758 203 2810 mestici·
213 2759 306 2811 nostri.¹
322 2782 332 2822 j
343 2756 469 2820 Quotidie
484 2757 650 2825 obsidemur,
663 2759 785 2828 quotidie
800 2758 889 2829 prodi-1
896 2762 930 2813 30

94 2859 164 2910 mur,
173 2842 203 2894 in
217 2843 282 2913 ipsis
296 2842 444 2913 plurimum
460 2842 579 2903 coetibus
594 2849 621 2895 et
636 2844 888 2915 congregationibus

95 2930 191 2983 nostris
201 2931 400 3002 opprimimur:
418 2929 485 2996 Quis
493 2947 614 3000 unquam
623 2931 714 2990 taliter
722 2930 889 3002 vagienti‘in
