1921 3312
113 123 164 174 140
274 159 278 163 ‚.
291 137 333 178 ou,
348 136 417 172 surr.
427 137 506 173 anon.
519 138 726 175 nnnrnnnmnus.

113 281 163 331 ces,
176 264 210 316 de
228 263 346 334 gestibus
365 264 419 316 suis
438 265 473 317 ad
488 263 578 318 lucem
596 272 624 319 et
641 262 773 337 populum
786 262 904 336 expave-

112 354 221 416 scentes
233 348 315 400 semel
325 366 397 403 anno
407 351 575 404 erubescunt.
614 350 716 413 Quodsi
725 350 803 403 nobis
818 353 905 404 omnis

112 433 282 504 impudicitia
295 435 457 488 exsecranda
470 443 517 504 est,
528 455 575 489 cur
587 437 668 490 liceat
680 437 773 490 audire
788 439 856 508 quae
868 439 906 491 lo-

114 522 161 591 qui
178 539 235 574 non
252 521 334 574 licetl
373 520 447 590 Omn
466 523 548 575 etiam
569 523 759 577 scurrilitatem
781 532 808 578 et
826 539 906 578 omne

86 614 101 664 5
114 625 215 660 vanum
229 609 343 661 verbum
357 608 507 661 iudicatum
522 627 538 661 a
553 609 603 662 deo
620 611 743 679 sciamus,
757 630 805 665 cur
822 630 906 682 aeque

112 695 195 747 liceat
210 694 310 762 ridere,
326 712 395 763 quae
409 693 501 747 facere
515 694 651 766 flagitium
670 698 727 750 estl
765 698 820 750 Onr
839 717 907 768 qnae

116 798 162 833 ore
174 780 278 849 prolata
293 781 493 832 communicant
506 779 654 850 hominem,
665 800 697 835 ea
711 801 760 853 per
775 784 865 837 oculos
880 791 907 836 et

115 883 192 917 ames
202 866 318 917 admissa
326 883 381 917 non
390 865 532 917 rideantur
541 866 680 919 hominem
690 870 889 922 communicare
897 870 906 921 l

116 953 187 1006 (lum
195 953 301 1023 spiritui
314 959 461 1023 appareant
472 972 548 1007 aures
559 961 585 1008 et
593 955 672 1023 oculi,
680 973 730 1008 nec
739 957 822 1026 possit
831 974 907 1008 mun-

71 1045 104 1095 10
117 1039 167 1092 dus
178 1039 315 1109 praestari,
326 1039 401 1091 cuius
416 1037 580 1109 apparitores
592 1042 775 1111 inquinantur.
788 1040 792 1044 ⁴
813 1041 907 1095 Habes

117 1126 201 1197 igitm·
216 1131 243 1177 et
256 1124 355 1177 theatri
370 1125 587 1180 interdictionem
603 1127 637 1180 de
655 1128 843 1181 interdictione
859 1129 908 1180 im-

117 1212 272 1283 pudicitiae.
595 1208 597 1211 ¹
859 1212 863 1214 ’

154 1297 267 1352 XVHI.
283 1298 332 1352 Sin
348 1299 376 1352 et
389 1299 539 1353 doctrinam
555 1300 680 1353 secularis
692 1300 865 1369 litteraturae,
878 1307 908 1353 ut

118 1385 249 1439 stultitiae
270 1385 343 1456 apud
364 1386 446 1438 deum
466 1387 630 1457 deputatam,
646 1404 826 1456 aspernamur,
845 1386 908 1439 satis

73 1476 107 1527 15
118 1472 309 1544 praescribitur
327 1473 405 1525 nobis
424 1473 501 1525 etde
519 1473 572 1524 illis
591 1473 729 1542 speciebus
748 1472 909 1543 spectaculo-

119 1579 187 1629 rum,
203 1577 271 1630 quae
290 1558 403 1611 seculari
418 1558 569 1610 litteratura
584 1558 710 1610 lusoriam
726 1554 770 1611 rel
785 1559 909 1630 agonisti-

100 1713 102 1717 Α
119 1665 179 1699 cam
194 1648 305 1699 'scenam
321 1645 493 1716 dispnngunt.
532 1643 635 1706 Quodsi
649 1644 803 1715 tragoediae
820 1651 849 1697 et
868 1662 909 1697 co-

118 1733 240 1787 moediae
253 1732 385 1786 scelerum
399 1738 426 1784 et
438 1731 584 1783 libidinum
599 1730 729 1783 auctrices
743 1732 909 1783 cruentaeet

119 1820 241 1888 lascivae,
254 1821 356 1889 impiae
375 1824 402 1871 et
416 1817 561 1888 prodigae:
581 1816 681 1868 nullius
696 1816 736 1868 rei
752 1823 798 1868 aut
814 1817 919 1880 atrocis

74 1909 109 1959 20
121 1912 168 1958 aut
182 1906 243 1957 vilis
254 1903 480 1957 'commemoratio
499 1902 595 1954 melior
613 1908 660 1953 est.
698 1900 779 1962 Quod
793 1902 822 1952 in
836 1900 910 1954 iacto

121 1992 337 2058 1·eiicitnr,etia1n
347 1990 457 2055 indicto
467 2006 522 2041 non
532 1994 572 2040 est
582 1987 773 2057 recipiendum.
808 1986 911 2048 Quodsi

122 2083 149 2129 et
161 2077 278 2129 stadium
291 2070 476 2128 contendas'in
491 2074 781 2144 scripturisnominari,
791 2087 854 2126 sane
863 2075 911 2126 ob-

121 2163 242 2215 tinebis.
265 2161 319 2214 Sed
335 2162 447 2231 quaein
467 2161 553 2214 stadio
573 2165 711 2230 geruntur,
724 2159 837 2230 indigna
852 2178 911 2212 con-

120 2248 224 2318 spectui
236 2254 282 2301 tuo
294 2265 349 2300 non
361 2246 480 2317 negabis
489 2263 594 2317 pugnos
605 2251 636 2298 et
648 2245 733 2297 calces
746 2252 775 2298 et
786 2245 912 2315 colaphos

76 2334 109 2386 25
121 2342 148 2388 et
166 2353 275 2387 omnem
293 2334 472 2405 petulantiam
490 2339 594 2400 manue,
610 2334 637 2385 et
657 2350 847 2402 quamcunque
865 2331 912 2384 lm-

121 2422 196 2471 mani
217 2421 283 2487 oris,
293 2421 322 2472 id
340 2426 388 2487 est,
401 2420 509 2472 divinae
527 2419 654 2489 imaginis
675 2419 911 2490 depugnationem.

122 2503 186 2557 Non
203 2506 328 2574 probabis
347 2523 461 2574 usquam
479 2522 562 2557 vanos
581 2522 672 2556 cursus
694 2511 721 2556 et
739 2504 870 2556 iaculatus
886 2510 913 2556 ct

124 2590 207 2657 saltus
216 2591 351 2656 vaniorem
369 2607 503 2659 nusquam
512 2590 562 2642 tibi
570 2594 699 2641 viresaut
709 2591 854 2641 iniuriosae
867 2596 914 2642 aut

123 2681 229 2745 vanae]
238 2674 371 2742 lacebunt,
380 2674 428 2727 sed
437 2692 488 2726 nec
501 2692 564 2726 cura
573 2673 672 2726 factitii
685 2675 811 2744 corporis,
820 2663 914 2745 nt'pla-

79 2767 113 2818 30
124 2762 221 2825 sticam
235 2761 281 2813 dei
295 2778 471 2831 supergressa.
509 2758 544 2811 Et
559 2768 668 2829 propter
682 2760 772 2812 otium,
783 2760 914 2815 Graeciae

124 2848 211 2901 altiles
225 2846 348 2900 homines
364 2845 458 2898 oderis.
495 2843 531 2897 Et
546 2844 705 2915 palaestrica
717 2846 822 2900 diaboli·
834 2865 912 2920 nego-

123 2936 193 2988 tium
201 2941 260 2988 est..
290 2932 396 2986 Primos
409 2931 531 3000 homines
544 2931 665 2998 diabolus
680 2931 757 2985 elisit.
783 2932 856 3004 ¹Ipse
869 2936 910 3005 'ge
