1921 3312
359 138 563 179 Aronoomrcus
807 121 860 173 113

65 266 119 319 trix
134 284 199 338 rogo
218 266 368 320 secundum
386 266 590 320 matrimonium
605 266 696 320 dedit:
716 285 732 320 o
750 283 859 338 praeco-

65 354 143 406 nium
151 354 291 407 castitatis!
320 352 450 425 Regulus,
458 363 493 406 ne
503 371 571 406 unus
580 372 629 424 pro
637 354 729 407 multis
737 353 859 408 hostibus

65 441 175 507 viveret,
185 446 241 492 toto
257 457 366 510 corpore
382 457 473 492 cruces
488 439 604 510 patitur:
624 458 639 493 o
655 441 744 492 virum
758 439 860 494 fortem

66 534 94 579 ct
113 527 142 577 in
164 526 318 596 captivitate
336 525 485 578 victorem?
522 525 710 593 Anaxarchus,
727 545 812 596 quum
829 528 859 579 in

67 610 221 681 exemplum
233 612 353 681 ptisanae
365 611 421 681 pilo
434 611 652 679 contunderetur,
663 612 757 680 tunde,
766 614 859 681 tunde,
885 615 900 668 5

68 698 164 764 aiebat,
173 696 329 750 Anaxarchi
336 696 440 764 foliam,
448 696 643 749 Anaxarchum
653 699 726 750 enim
736 716 791 751 non
801 705 860 751 tun-

68 783 124 837 dis:
144 800 160 835 o
178 782 332 853 philosophi
349 783 610 853 magnanimitatem,
627 785 683 854 qui<
693 784 793 837 detaii
804 788 860 837 'suo

68 868 142 921 exitu
162 869 244 920 etiam
258 869 411 921 iocabatur!
450 867 554 926 Omitto
569 887 613 922 eos
629 872 753 940 quicum
768 871 860 942 gladio

68 954 176 1025 proprio
195 955 281 1008 aliove
299 972 397 1026 genere
412 956 506 1007 mortis
521 956 628 1008 mitiore
644 957 773 1009 de'laude
786 958 860 1027 pepi-

68 1047 172 1111 gerunt.
209 1039 281 1092 Ecce
293 1041 368 1092 enim
380 1046 407 1091 et
419 1046 616 1092 tormentorum
631 1041 778 1092 certamina
790 1059 861 1094 coro·
869 1045 903 1093 ld

69 1131 168 1178 nantur
183 1143 199 1177 a
213 1125 295 1177 vobis.
334 1124 428 1176 Attica
444 1126 581 1193 meretrix,
591 1124 716 1178 carnifice
730 1122 786 1178 iam
800 1125 862 1178 iati-

70 1216 141 1280 gate,
154 1216 289 1279 postremo
307 1208 431 1279 linguam
452 1227 528 1263 suam
551 1217 697 1264 comestam
714 1212 744 1263 in
761 1211 862 1264 faciem

70 1294 340 1366 tyrannisaevientis.
350 1295 464 1365 exspuit,
476 1302 508 1348 nt
520 1303 660 1367 exspueret
674 1303 701 1349 et
713 1315 815 1365 rocem,
827 1315 862 1349 ne

71 1382 222 1439 coniuratos
244 1380 366 1434 confiteri
387 1388 481 1451 posset,
496 1382 518 1434 si
539 1382 621 1434 etiarn
639 1383 711 1435 victa
728 1383 862 1436 voluisset.

71 1467 143 1520 Zeno
155 1466 263 1520 Eleates
278 1468 413 1521 consultus
426 1486 442 1520 a
457 1467 597 1538 Dionysio,
608 1468 739 1538 quidnam
750 1468 863 1539 philoso-
871 1473 905 1524 15

71 1553 136 1623 phia
144 1560 298 1624 praestaret,
306 1572 391 1624 quum
406 1541 592 1625 respondisset,
600 1561 785 1625 contemptum
794 1574 864 1608 mor-

72 1639 114 1707 tis,
126 1638 240 1710 flagellis
261 1640 370 1710 tyranni
392 1640 526 1692 subiectus
548 1641 709 1693 sententiam
730 1659 807 1693 suam
828 1641 863 1694 ad

73 1732 188 1778 mortem
212 1743 297 1795 usque
322 1726 453 1797 signabat.
470 1761 473 1764 -
491 1724 571 1778 Oerte
590 1724 729 1778 Laconum
747 1725 863 1796 flagella,

73 1812 123 1865 sub
135 1812 219 1865 oculis
233 1814 316 1866 etiam
326 1812 494 1865 hortantium
506 1811 718 1882 propinquorum
731 1813 864 1879 acerbata,

73 1905 185 1952 tantum
191 1900 323 1954 honorem
338 1899 497 1952 tolerant-iae
511 1898 604 1950 domui
620 1888 770 1966 coniciunt,
784 1903 907 1967 quan-20

74 1993 134 2039 tum
145 1988 283 2058 sanguinis
292 1986 422 2040 firderint.
460 1985 485 2038 Ο
499 1985 613 2056 gloriam
625 1981 867 2055 licitam,'qniahu-

73 2092 192 2142 manam,
206 2074 250 2127 cui
268 2092 319 2127 nec
337 2073 520 2144 praesumptio
539 2072 645 2142 perdita
661 2089 712 2123 nec
731 2072 866 2142 persuasio

75 2161 215 2231 desperata
228 2160 372 2229 deputatur
385 2160 414 2211 in
427 2164 584 2228 contemptu
599 2158 692 2209 mortis
707 2162 734 2208 et
746 2157 867 2208 atrocita-

74 2246 109 2297 tis
123 2244 301 2311 omnimodae,
315 2243 359 2296 cui
373 2250 478 2296 tantum
493 2261 543 2313 pro
557 2243 653 2311 patria,
664 2259 713 2311 pro
732 2258 804 2311 agro,
815 2259 865 2310 pro

75 2330 197 2400 1mperio,
211 2347 260 2399 pro
280 2329 399 2381 amicitia
416 2328 473 2397 pati
491 2328 652 2398 permissum
671 2331 718 2392 est,
733 2331 907 2394 quantum25

6 2452 8 2470 2
75 2415 184 2487 prodeo
195 2413 338 2467 nonlicet!
371 2412 407 2464 Et
417 2419 508 2465 tamen
521 2412 575 2464 illis
588 2411 713 2464 omnibus
726 2418 753 2463 et
765 2417 865 2464 statuas

4 2521 5 2524 ¹
76 2500 226 2555 defunditis
244 2505 272 2552 et
285 2499 417 2569 imagines
434 2497 579 2550 inscribitis
597 2503 625 2549 et
640 2496 733 2550 titulos
747 2497 866 2550 inciditis

75 2589 106 2640 in
127 2586 328 2652 aeternitatem
347 2589 478 2653 quantum
496 2581 531 2634 de
552 2583 735 2635 monumentis
756 2584 866 2653 potestis

77 2674 188 2741 scilicet,
202 2670 342 2743 praestatis
360 2676 388 2722 11
405 2668 457 2739 ipsi
475 2667 674 2737 quodammodo
693 2669 807 2721 mortuis
827 2686 867 2721 re-

77 2759 277 2813 surrectionem.
313 2754 394 2808 Hanc
409 2754 563 2824 quiveram
578 2770 594 2804 a
609 2753 660 2806 deo
675 2761 771 2824 sperat,
781 2756 804 2807 si
818 2772 866 2825 pro
875 2758 908 2809 30

78 2845 129 2897 deo
143 2845 270 2915 patiatur,
282 2843 392 2895 insanus
407 2846 453 2892 est.
490 2836 546 2891 sed
556 2837 608 2891 hoe
624 2840 703 2910 agite,
713 2841 777 2893 boni
792 2858 866 2910 prae-

78 2930 157 2999 sides,
167 2929 291 2983 meliores
305 2926 392 2979 multo
406 2923 479 2995 apud
490 2923 630 2994 populum,
639 2925 662 2976 si
674 2924 728 2977 illis
741 2924 866 2978 Christia-
