<?xml version="1.0" encoding="UTF-8"?>
<!DOCTYPE html PUBLIC "-//W3C//DTD XHTML 1.0 Transitional//EN"
    "http://www.w3.org/TR/xhtml1/DTD/xhtml1-transitional.dtd">
<html xmlns="http://www.w3.org/1999/xhtml" xml:lang="en" lang="en">
 <head>
  <title>
</title>
<meta http-equiv="Content-Type" content="text/html;charset=utf-8" />
  <meta name='ocr-system' content='tesseract 3.04.00' />
  <meta name='ocr-capabilities' content='ocr_page ocr_carea ocr_par ocr_line ocrx_word'/>
</head>
<body>
  <div class='ocr_page' id='page_1' title='image "MN41652ucmf_5_0150.png"; bbox 0 0 1921 3312; ppageno 0'>
   <div class='ocr_carea' id='block_1_1' title="bbox 76 111 694 167">
    <p class='ocr_par' dir='ltr' id='par_1_1' title="bbox 76 111 694 167">
     <span class='ocr_line' id='line_1_1' title="bbox 76 111 694 167; baseline -0.005 -5"><span class='ocrx_word' id='word_1_1' title='bbox 76 111 128 162; x_wconf 75' lang='lat'>128</span> <span class='ocrx_word' id='word_1_2' title='bbox 260 126 302 167; x_wconf 87' lang='lat' dir='ltr'>on.</span> <span class='ocrx_word' id='word_1_3' title='bbox 316 125 385 160; x_wconf 87' lang='lat' dir='ltr'>snrr.</span> <span class='ocrx_word' id='word_1_4' title='bbox 398 124 474 161; x_wconf 73' lang='lat' dir='ltr'>more.</span> <span class='ocrx_word' id='word_1_5' title='bbox 487 123 694 160; x_wconf 80' lang='lat' dir='ltr'>rnnrnmmnus.</span> 
     </span>
    </p>
   </div>
   <div class='ocr_carea' id='block_1_2' title="bbox 32 246 923 2982">
    <p class='ocr_par' dir='ltr' id='par_1_2' title="bbox 35 246 909 2471">
     <span class='ocr_line' id='line_1_2' title="bbox 76 246 865 322; baseline -0.005 -16"><span class='ocrx_word' id='word_1_6' title='bbox 76 272 138 306; x_wconf 91' lang='lat' dir='ltr'>eum</span> <span class='ocrx_word' id='word_1_7' title='bbox 156 253 245 304; x_wconf 92' lang='lat' dir='ltr'>lusum</span> <span class='ocrx_word' id='word_1_8' title='bbox 263 251 394 304; x_wconf 84' lang='lat' dir='ltr'>iuvenum</span> <span class='ocrx_word' id='word_1_9' title='bbox 413 259 440 305; x_wconf 89' lang='lat' dir='ltr'>et</span> <span class='ocrx_word' id='word_1_10' title='bbox 459 253 554 307; x_wconf 90' lang='lat' dir='ltr'>diebus</span> <span class='ocrx_word' id='word_1_11' title='bbox 571 252 648 306; x_wconf 75' lang='lat' dir='ltr'>tostis</span> <span class='ocrx_word' id='word_1_12' title='bbox 667 246 694 305; x_wconf 87' lang='lat' dir='ltr'>et</span> <span class='ocrx_word' id='word_1_13' title='bbox 711 246 819 322; x_wconf 85' lang='lat' dir='ltr'>templis</span> <span class='ocrx_word' id='word_1_14' title='bbox 837 257 865 303; x_wconf 87' lang='lat' dir='ltr'>et</span> 
     </span>
     <span class='ocr_line' id='line_1_3' title="bbox 75 337 864 409; baseline -0.003 -18"><span class='ocrx_word' id='word_1_15' title='bbox 75 338 249 409; x_wconf 78' lang='lat' dir='ltr'>religionibus</span> <span class='ocrx_word' id='word_1_16' title='bbox 261 344 377 408; x_wconf 88' lang='lat' dir='ltr'>reputat.</span> <span class='ocrx_word' id='word_1_17' title='bbox 414 338 494 392; x_wconf 87' lang='lat' dir='ltr'>Nihil</span> <span class='ocrx_word' id='word_1_18' title='bbox 506 341 561 393; x_wconf 86' lang='lat' dir='ltr'>iam</span> <span class='ocrx_word' id='word_1_19' title='bbox 576 341 610 393; x_wconf 90' lang='lat' dir='ltr'>de</span> <span class='ocrx_word' id='word_1_20' title='bbox 626 356 718 392; x_wconf 87' lang='lat' dir='ltr'>caussa</span> <span class='ocrx_word' id='word_1_21' title='bbox 730 337 864 405; x_wconf 73' lang='lat' dir='ltr'>vocabuli,</span> 
     </span>
     <span class='ocr_line' id='line_1_4' title="bbox 76 424 866 496; baseline 0.001 -21"><span class='ocrx_word' id='word_1_22' title='bbox 76 442 138 476; x_wconf 86' lang='lat' dir='ltr'>cunr</span> <span class='ocrx_word' id='word_1_23' title='bbox 150 424 190 476; x_wconf 92' lang='lat' dir='ltr'>rei</span> <span class='ocrx_word' id='word_1_24' title='bbox 203 442 295 477; x_wconf 89' lang='lat' dir='ltr'>caussa</span> <span class='ocrx_word' id='word_1_25' title='bbox 307 424 460 478; x_wconf 90' lang='lat' dir='ltr'>idololatria</span> <span class='ocrx_word' id='word_1_26' title='bbox 472 427 513 479; x_wconf 91' lang='lat' dir='ltr'>sit.</span> <span class='ocrx_word' id='word_1_27' title='bbox 550 426 624 478; x_wconf 85' lang='lat' dir='ltr'>Nam</span> <span class='ocrx_word' id='word_1_28' title='bbox 639 434 666 478; x_wconf 92' lang='lat' dir='ltr'>ct</span> <span class='ocrx_word' id='word_1_29' title='bbox 681 444 742 478; x_wconf 87' lang='lat' dir='ltr'>oum</span> <span class='ocrx_word' id='word_1_30' title='bbox 755 425 866 496; x_wconf 91' lang='lat' dir='ltr'>promis-</span> 
     </span>
     <span class='ocr_line' id='line_1_5' title="bbox 76 508 866 582; baseline -0.001 -20"><span class='ocrx_word' id='word_1_31' title='bbox 76 527 125 562; x_wconf 84' lang='lat' dir='ltr'>cue</span> <span class='ocrx_word' id='word_1_32' title='bbox 139 509 199 561; x_wconf 90' lang='lat' dir='ltr'>ludi</span> <span class='ocrx_word' id='word_1_33' title='bbox 210 508 346 573; x_wconf 87' lang='lat' dir='ltr'>Liberalia</span> <span class='ocrx_word' id='word_1_34' title='bbox 357 510 526 580; x_wconf 80' lang='lat' dir='ltr'>rccarentur,</span> <span class='ocrx_word' id='word_1_35' title='bbox 538 512 668 564; x_wconf 77' lang='lat' dir='ltr'>honorem</span> <span class='ocrx_word' id='word_1_36' title='bbox 680 510 770 565; x_wconf 80' lang='lat' dir='ltr'>Liberi</span> <span class='ocrx_word' id='word_1_37' title='bbox 782 510 866 582; x_wconf 89' lang='lat' dir='ltr'>patris</span> 
     </span>
     <span class='ocr_line' id='line_1_6' title="bbox 51 595 865 668; baseline 0 -19"><span class='ocrx_word' id='word_1_38' title='bbox 51 595 219 654; x_wconf 70' lang='lat' dir='ltr'>binaniieste</span> <span class='ocrx_word' id='word_1_39' title='bbox 240 598 377 653; x_wconf 84' lang='lat' dir='ltr'>sonabant.</span> <span class='ocrx_word' id='word_1_40' title='bbox 415 597 511 651; x_wconf 87' lang='lat' dir='ltr'>Libero</span> <span class='ocrx_word' id='word_1_41' title='bbox 530 599 603 651; x_wconf 90' lang='lat' dir='ltr'>enim</span> <span class='ocrx_word' id='word_1_42' title='bbox 622 617 638 650; x_wconf 91' lang='lat' dir='ltr'>a</span> <span class='ocrx_word' id='word_1_43' title='bbox 655 599 760 651; x_wconf 72' lang='lat' dir='ltr'>rusticis</span> <span class='ocrx_word' id='word_1_44' title='bbox 778 598 865 668; x_wconf 90' lang='lat' dir='ltr'>primo</span> 
     </span>
     <span class='ocr_line' id='line_1_7' title="bbox 75 682 866 755; baseline -0.003 -18"><span class='ocrx_word' id='word_1_45' title='bbox 75 683 178 737; x_wconf 86' lang='lat' dir='ltr'>fiebant</span> <span class='ocrx_word' id='word_1_46' title='bbox 190 685 224 737; x_wconf 94' lang='lat' dir='ltr'>ob</span> <span class='ocrx_word' id='word_1_47' title='bbox 233 682 395 737; x_wconf 86' lang='lat' dir='ltr'>beneficium</span> <span class='ocrx_word' id='word_1_48' title='bbox 409 685 481 754; x_wconf 90' lang='lat' dir='ltr'>quod</span> <span class='ocrx_word' id='word_1_49' title='bbox 494 685 518 737; x_wconf 93' lang='lat' dir='ltr'>ei</span> <span class='ocrx_word' id='word_1_50' title='bbox 531 685 685 737; x_wconf 86' lang='lat' dir='ltr'>adscribunt</span> <span class='ocrx_word' id='word_1_51' title='bbox 697 704 745 755; x_wconf 90' lang='lat' dir='ltr'>pro</span> <span class='ocrx_word' id='word_1_52' title='bbox 759 685 866 737; x_wconf 88' lang='lat' dir='ltr'>demon-</span> 
     </span>
     <span class='ocr_line' id='line_1_8' title="bbox 76 768 867 840; baseline -0.004 -18"><span class='ocrx_word' id='word_1_53' title='bbox 76 777 159 823; x_wconf 86' lang='lat' dir='ltr'>strata</span> <span class='ocrx_word' id='word_1_54' title='bbox 173 771 260 840; x_wconf 80' lang='lat' dir='ltr'>gratia</span> <span class='ocrx_word' id='word_1_55' title='bbox 275 770 338 821; x_wconf 86' lang='lat' dir='ltr'>vini.</span> <span class='ocrx_word' id='word_1_56' title='bbox 376 770 483 822; x_wconf 82' lang='lat' dir='ltr'>Exinde</span> <span class='ocrx_word' id='word_1_57' title='bbox 497 770 557 822; x_wconf 89' lang='lat' dir='ltr'>ludi</span> <span class='ocrx_word' id='word_1_58' title='bbox 573 768 717 821; x_wconf 77' lang='lat' dir='ltr'>Consualia</span> <span class='ocrx_word' id='word_1_59' title='bbox 735 770 809 837; x_wconf 88' lang='lat' dir='ltr'>dieti,</span> <span class='ocrx_word' id='word_1_60' title='bbox 820 770 867 839; x_wconf 90' lang='lat' dir='ltr'>qui</span> 
     </span>
     <span class='ocr_line' id='line_1_9' title="bbox 76 853 867 923; baseline 0 -17"><span class='ocrx_word' id='word_1_61' title='bbox 76 855 155 907; x_wconf 90' lang='lat' dir='ltr'>initio</span> <span class='ocrx_word' id='word_1_62' title='bbox 181 854 343 923; x_wconf 78' lang='lat' dir='ltr'>Neptunum</span> <span class='ocrx_word' id='word_1_63' title='bbox 373 855 548 907; x_wconf 79' lang='lat' dir='ltr'>honorabant.</span> <span class='ocrx_word' id='word_1_64' title='bbox 586 853 713 906; x_wconf 90' lang='lat' dir='ltr'>Eundem</span> <span class='ocrx_word' id='word_1_65' title='bbox 739 856 812 907; x_wconf 91' lang='lat' dir='ltr'>enim</span> <span class='ocrx_word' id='word_1_66' title='bbox 840 861 867 906; x_wconf 92' lang='lat' dir='ltr'>et</span> 
     </span>
     <span class='ocr_line' id='line_1_10' title="bbox 78 939 870 1010; baseline 0.001 -18"><span class='ocrx_word' id='word_1_67' title='bbox 78 940 196 993; x_wconf 76' lang='lat' dir='ltr'>Consum</span> <span class='ocrx_word' id='word_1_68' title='bbox 210 940 349 992; x_wconf 78' lang='lat' dir='ltr'>uocabant.</span> <span class='ocrx_word' id='word_1_69' title='bbox 386 939 496 992; x_wconf 87' lang='lat' dir='ltr'>Dehinc</span> <span class='ocrx_word' id='word_1_70' title='bbox 510 939 624 1010; x_wconf 85' lang='lat' dir='ltr'>Equiria</span> <span class='ocrx_word' id='word_1_71' title='bbox 637 939 721 994; x_wconf 85' lang='lat' dir='ltr'>Marti</span> <span class='ocrx_word' id='word_1_72' title='bbox 733 940 870 994; x_wconf 75' lang='lat' dir='ltr'>Romulus</span> 
     </span>
     <span class='ocr_line' id='line_1_11' title="bbox 35 1025 867 1097; baseline -0.007 -13"><span class='ocrx_word' id='word_1_73' title='bbox 35 1033 69 1083; x_wconf 80' lang='lat' dir='ltr'>to</span> <span class='ocrx_word' id='word_1_74' title='bbox 78 1027 147 1080; x_wconf 73' lang='lat' dir='ltr'>dixit</span> <span class='ocrx_word' id='word_1_75' title='bbox 153 1025 343 1097; x_wconf 75' lang='lat' dir='ltr'>,quamquam</span> <span class='ocrx_word' id='word_1_76' title='bbox 362 1033 389 1079; x_wconf 91' lang='lat' dir='ltr'>et</span> <span class='ocrx_word' id='word_1_77' title='bbox 408 1025 552 1079; x_wconf 78' lang='lat' dir='ltr'>Consualia</span> <span class='ocrx_word' id='word_1_78' title='bbox 570 1026 689 1080; x_wconf 91' lang='lat' dir='ltr'>Romulo</span> <span class='ocrx_word' id='word_1_79' title='bbox 709 1026 867 1094; x_wconf 75' lang='lat' dir='ltr'>defendunt,</span> 
     </span>
     <span class='ocr_line' id='line_1_12' title="bbox 79 1111 868 1184; baseline -0.001 -19"><span class='ocrx_word' id='word_1_80' title='bbox 79 1114 152 1184; x_wconf 91' lang='lat' dir='ltr'>quod</span> <span class='ocrx_word' id='word_1_81' title='bbox 167 1131 199 1166; x_wconf 89' lang='lat' dir='ltr'>ea</span> <span class='ocrx_word' id='word_1_82' title='bbox 214 1111 301 1166; x_wconf 83' lang='lat' dir='ltr'>Conso</span> <span class='ocrx_word' id='word_1_83' title='bbox 316 1112 447 1174; x_wconf 81' lang='lat' dir='ltr'>dicaverit</span> <span class='ocrx_word' id='word_1_84' title='bbox 461 1113 520 1181; x_wconf 94' lang='lat' dir='ltr'>deo,</span> <span class='ocrx_word' id='word_1_85' title='bbox 529 1119 560 1165; x_wconf 92' lang='lat' dir='ltr'>ut</span> <span class='ocrx_word' id='word_1_86' title='bbox 574 1113 675 1181; x_wconf 81' lang='lat' dir='ltr'>uolunt,</span> <span class='ocrx_word' id='word_1_87' title='bbox 689 1114 799 1181; x_wconf 87' lang='lat' dir='ltr'>consilii,</span> <span class='ocrx_word' id='word_1_88' title='bbox 812 1114 868 1165; x_wconf 92' lang='lat' dir='ltr'>eius</span> 
     </span>
     <span class='ocr_line' id='line_1_13' title="bbox 79 1198 869 1270; baseline -0.003 -18"><span class='ocrx_word' id='word_1_89' title='bbox 79 1199 190 1267; x_wconf 87' lang='lat' dir='ltr'>scilicet,</span> <span class='ocrx_word' id='word_1_90' title='bbox 201 1216 254 1268; x_wconf 89' lang='lat' dir='ltr'>quo</span> <span class='ocrx_word' id='word_1_91' title='bbox 267 1205 332 1252; x_wconf 89' lang='lat' dir='ltr'>tunc</span> <span class='ocrx_word' id='word_1_92' title='bbox 346 1198 507 1251; x_wconf 77' lang='lat' dir='ltr'>Sabinarum</span> <span class='ocrx_word' id='word_1_93' title='bbox 520 1199 656 1270; x_wconf 76' lang='lat' dir='ltr'>virginum</span> <span class='ocrx_word' id='word_1_94' title='bbox 668 1201 791 1270; x_wconf 84' lang='lat' dir='ltr'>rapinam</span> <span class='ocrx_word' id='word_1_95' title='bbox 800 1199 869 1250; x_wconf 91' lang='lat' dir='ltr'>mili-</span> 
     </span>
     <span class='ocr_line' id='line_1_14' title="bbox 78 1284 869 1355; baseline -0.003 -17"><span class='ocrx_word' id='word_1_96' title='bbox 78 1286 150 1338; x_wconf 87' lang='lat' dir='ltr'>tibus</span> <span class='ocrx_word' id='word_1_97' title='bbox 163 1285 216 1338; x_wconf 93' lang='lat' dir='ltr'>suis</span> <span class='ocrx_word' id='word_1_98' title='bbox 228 1285 258 1336; x_wconf 91' lang='lat' dir='ltr'>in</span> <span class='ocrx_word' id='word_1_99' title='bbox 270 1286 441 1338; x_wconf 89' lang='lat' dir='ltr'>matrimonia</span> <span class='ocrx_word' id='word_1_100' title='bbox 454 1286 621 1355; x_wconf 77' lang='lat' dir='ltr'>excogitavit.</span> <span class='ocrx_word' id='word_1_101' title='bbox 659 1284 779 1338; x_wconf 86' lang='lat' dir='ltr'>Probum</span> <span class='ocrx_word' id='word_1_102' title='bbox 789 1285 869 1355; x_wconf 86' lang='lat' dir='ltr'>plane</span> 
     </span>
     <span class='ocr_line' id='line_1_15' title="bbox 80 1369 908 1440; baseline -0.002 -17"><span class='ocrx_word' id='word_1_103' title='bbox 80 1371 222 1423; x_wconf 90' lang='lat' dir='ltr'>eonsilium</span> <span class='ocrx_word' id='word_1_104' title='bbox 237 1376 264 1422; x_wconf 90' lang='lat' dir='ltr'>et</span> <span class='ocrx_word' id='word_1_105' title='bbox 281 1387 355 1422; x_wconf 91' lang='lat' dir='ltr'>nunc</span> <span class='ocrx_word' id='word_1_106' title='bbox 374 1380 481 1439; x_wconf 87' lang='lat' dir='ltr'>quoqne</span> <span class='ocrx_word' id='word_1_107' title='bbox 496 1370 569 1440; x_wconf 89' lang='lat' dir='ltr'>apud</span> <span class='ocrx_word' id='word_1_108' title='bbox 582 1371 653 1440; x_wconf 90' lang='lat' dir='ltr'>ipsos</span> <span class='ocrx_word' id='word_1_109' title='bbox 668 1369 803 1423; x_wconf 90' lang='lat' dir='ltr'>Romanos</span> <span class='ocrx_word' id='word_1_110' title='bbox 818 1371 869 1421; x_wconf 89' lang='lat' dir='ltr'>ius-</span> <span class='ocrx_word' id='word_1_111' title='bbox 906 1425 908 1428; x_wconf 63' lang='grc'>,</span> 
     </span>
     <span class='ocr_line' id='line_1_16' title="bbox 37 1455 870 1526; baseline -0.002 -17"><span class='ocrx_word' id='word_1_112' title='bbox 37 1458 71 1510; x_wconf 84' lang='grc'>15</span> <span class='ocrx_word' id='word_1_113' title='bbox 80 1463 139 1509; x_wconf 91' lang='lat' dir='ltr'>tum</span> <span class='ocrx_word' id='word_1_114' title='bbox 153 1462 181 1509; x_wconf 91' lang='lat' dir='ltr'>et</span> <span class='ocrx_word' id='word_1_115' title='bbox 195 1455 308 1522; x_wconf 90' lang='lat' dir='ltr'>licitum,</span> <span class='ocrx_word' id='word_1_116' title='bbox 322 1473 356 1508; x_wconf 93' lang='lat' dir='ltr'>ne</span> <span class='ocrx_word' id='word_1_117' title='bbox 372 1456 494 1523; x_wconf 78' lang='lat' dir='ltr'>dixerim,</span> <span class='ocrx_word' id='word_1_118' title='bbox 503 1473 585 1526; x_wconf 90' lang='lat' dir='ltr'>penes</span> <span class='ocrx_word' id='word_1_119' title='bbox 600 1455 688 1507; x_wconf 90' lang='lat' dir='ltr'>deum.</span> <span class='ocrx_word' id='word_1_120' title='bbox 725 1455 803 1508; x_wconf 87' lang='lat' dir='ltr'>Facit</span> <span class='ocrx_word' id='word_1_121' title='bbox 818 1462 870 1507; x_wconf 89' lang='lat' dir='ltr'>ete-</span> 
     </span>
     <span class='ocr_line' id='line_1_17' title="bbox 79 1541 869 1612; baseline -0.003 -18"><span class='ocrx_word' id='word_1_122' title='bbox 79 1543 138 1594; x_wconf 86' lang='lat' dir='ltr'>nim</span> <span class='ocrx_word' id='word_1_123' title='bbox 153 1542 189 1594; x_wconf 93' lang='lat' dir='ltr'>ad</span> <span class='ocrx_word' id='word_1_124' title='bbox 201 1541 311 1612; x_wconf 79' lang='lat' dir='ltr'>originis</span> <span class='ocrx_word' id='word_1_125' title='bbox 326 1541 469 1608; x_wconf 78' lang='lat' dir='ltr'>maculam,</span> <span class='ocrx_word' id='word_1_126' title='bbox 479 1559 514 1593; x_wconf 91' lang='lat' dir='ltr'>ne</span> <span class='ocrx_word' id='word_1_127' title='bbox 527 1542 630 1593; x_wconf 90' lang='lat' dir='ltr'>bonum</span> <span class='ocrx_word' id='word_1_128' title='bbox 645 1541 787 1608; x_wconf 79' lang='lat' dir='ltr'>existimes,</span> <span class='ocrx_word' id='word_1_129' title='bbox 798 1541 869 1609; x_wconf 88' lang='lat' dir='ltr'>quod</span> 
     </span>
     <span class='ocr_line' id='line_1_18' title="bbox 79 1626 869 1696; baseline -0.001 -16"><span class='ocrx_word' id='word_1_130' title='bbox 79 1628 188 1680; x_wconf 89' lang='lat' dir='ltr'>initium</span> <span class='ocrx_word' id='word_1_131' title='bbox 203 1646 219 1679; x_wconf 93' lang='lat' dir='ltr'>a</span> <span class='ocrx_word' id='word_1_132' title='bbox 233 1626 305 1679; x_wconf 90' lang='lat' dir='ltr'>malo</span> <span class='ocrx_word' id='word_1_133' title='bbox 324 1627 439 1696; x_wconf 87' lang='lat' dir='ltr'>accepit,</span> <span class='ocrx_word' id='word_1_134' title='bbox 447 1627 481 1679; x_wconf 88' lang='lat' dir='ltr'>ab</span> <span class='ocrx_word' id='word_1_135' title='bbox 499 1626 659 1696; x_wconf 90' lang='lat' dir='ltr'>impudenti,</span> <span class='ocrx_word' id='word_1_136' title='bbox 673 1644 689 1678; x_wconf 86' lang='lat' dir='ltr'>a</span> <span class='ocrx_word' id='word_1_137' title='bbox 703 1626 822 1694; x_wconf 80' lang='lat' dir='ltr'>uiolenti,</span> <span class='ocrx_word' id='word_1_138' title='bbox 835 1626 869 1679; x_wconf 88' lang='lat' dir='ltr'>ab</span> 
     </span>
     <span class='ocr_line' id='line_1_19' title="bbox 80 1710 905 1781; baseline -0.004 -15"><span class='ocrx_word' id='word_1_139' title='bbox 80 1714 134 1766; x_wconf 88' lang='lat' dir='ltr'>alio</span> <span class='ocrx_word' id='word_1_140' title='bbox 153 1713 211 1781; x_wconf 90' lang='lat' dir='ltr'>de0,</span> <span class='ocrx_word' id='word_1_141' title='bbox 227 1731 243 1765; x_wconf 91' lang='lat' dir='ltr'>a</span> <span class='ocrx_word' id='word_1_142' title='bbox 262 1711 404 1765; x_wconf 74' lang='lat' dir='ltr'>fratricida</span> <span class='ocrx_word' id='word_1_143' title='bbox 421 1713 582 1779; x_wconf 84' lang='lat' dir='ltr'>institutore,</span> <span class='ocrx_word' id='word_1_144' title='bbox 598 1730 615 1764; x_wconf 90' lang='lat' dir='ltr'>a</span> <span class='ocrx_word' id='word_1_145' title='bbox 635 1710 692 1763; x_wconf 88' lang='lat' dir='ltr'>filio</span> <span class='ocrx_word' id='word_1_146' title='bbox 713 1711 824 1764; x_wconf 82' lang='lat' dir='ltr'>Martis:</span> <span class='ocrx_word' id='word_1_147' title='bbox 844 1718 871 1763; x_wconf 91' lang='lat' dir='ltr'>et</span> <span class='ocrx_word' id='word_1_148' title='bbox 903 1749 905 1751; x_wconf 91' lang='lat'>-</span> 
     </span>
     <span class='ocr_line' id='line_1_20' title="bbox 80 1797 871 1868; baseline -0.003 -16"><span class='ocrx_word' id='word_1_149' title='bbox 80 1800 154 1853; x_wconf 83' lang='lat' dir='ltr'>nunc</span> <span class='ocrx_word' id='word_1_150' title='bbox 171 1818 217 1853; x_wconf 89' lang='lat' dir='ltr'>ara</span> <span class='ocrx_word' id='word_1_151' title='bbox 232 1799 320 1852; x_wconf 82' lang='lat' dir='ltr'>Oonso</span> <span class='ocrx_word' id='word_1_152' title='bbox 338 1800 380 1851; x_wconf 92' lang='lat' dir='ltr'>illi</span> <span class='ocrx_word' id='word_1_153' title='bbox 397 1800 427 1851; x_wconf 92' lang='lat' dir='ltr'>in</span> <span class='ocrx_word' id='word_1_154' title='bbox 446 1800 516 1851; x_wconf 85' lang='lat' dir='ltr'>circo</span> <span class='ocrx_word' id='word_1_155' title='bbox 535 1797 642 1850; x_wconf 74' lang='lat' dir='ltr'>defossa</span> <span class='ocrx_word' id='word_1_156' title='bbox 660 1804 700 1850; x_wconf 91' lang='lat' dir='ltr'>est</span> <span class='ocrx_word' id='word_1_157' title='bbox 718 1799 753 1851; x_wconf 90' lang='lat' dir='ltr'>ad</span> <span class='ocrx_word' id='word_1_158' title='bbox 770 1799 871 1868; x_wconf 89' lang='lat' dir='ltr'>primas</span> 
     </span>
     <span class='ocr_line' id='line_1_21' title="bbox 39 1882 871 1954; baseline -0.004 -15"><span class='ocrx_word' id='word_1_159' title='bbox 39 1889 73 1939; x_wconf 75' lang='lat'>20</span> <span class='ocrx_word' id='word_1_160' title='bbox 81 1893 166 1939; x_wconf 85' lang='lat' dir='ltr'>metas</span> <span class='ocrx_word' id='word_1_161' title='bbox 178 1887 228 1939; x_wconf 92' lang='lat' dir='ltr'>sub</span> <span class='ocrx_word' id='word_1_162' title='bbox 237 1892 317 1952; x_wconf 85' lang='lat' dir='ltr'>terra,</span> <span class='ocrx_word' id='word_1_163' title='bbox 327 1903 389 1937; x_wconf 92' lang='lat' dir='ltr'>cum</span> <span class='ocrx_word' id='word_1_164' title='bbox 398 1884 572 1954; x_wconf 89' lang='lat' dir='ltr'>inscriptione</span> <span class='ocrx_word' id='word_1_165' title='bbox 583 1882 754 1935; x_wconf 87' lang='lat' dir='ltr'>huiusmodi:</span> <span class='ocrx_word' id='word_1_166' title='bbox 774 1901 871 1936; x_wconf 83' lang='lat' dir='ltr'>cousus</span> 
     </span>
     <span class='ocr_line' id='line_1_22' title="bbox 82 1969 872 2041; baseline -0.003 -17"><span class='ocrx_word' id='word_1_167' title='bbox 82 1987 287 2041; x_wconf 75' lang='lat' dir='ltr'>consistermus</span> <span class='ocrx_word' id='word_1_168' title='bbox 300 1988 405 2023; x_wconf 81' lang='lat' dir='ltr'>nnnmo</span> <span class='ocrx_word' id='word_1_169' title='bbox 422 1986 508 2021; x_wconf 72' lang='lat' dir='ltr'>nunus</span> <span class='ocrx_word' id='word_1_170' title='bbox 528 1986 634 2021; x_wconf 81' lang='lat' dir='ltr'>oonrrro</span> <span class='ocrx_word' id='word_1_171' title='bbox 648 1985 788 2021; x_wconf 80' lang='lat' dir='ltr'>rornnrns.</span> <span class='ocrx_word' id='word_1_172' title='bbox 805 2012 807 2015; x_wconf 29' lang='lat' dir='ltr'>s</span> <span class='ocrx_word' id='word_1_173' title='bbox 826 1969 872 2022; x_wconf 81' lang='lat' dir='ltr'>Sa-</span> 
     </span>
     <span class='ocr_line' id='line_1_23' title="bbox 82 2054 909 2128; baseline -0.004 -18"><span class='ocrx_word' id='word_1_174' title='bbox 82 2057 205 2119; x_wconf 85' lang='lat' dir='ltr'>crificant</span> <span class='ocrx_word' id='word_1_175' title='bbox 223 2057 296 2128; x_wconf 90' lang='lat' dir='ltr'>apud</span> <span class='ocrx_word' id='word_1_176' title='bbox 314 2069 375 2108; x_wconf 88' lang='lat' dir='ltr'>eam</span> <span class='ocrx_word' id='word_1_177' title='bbox 396 2054 570 2109; x_wconf 79' lang='lat' dir='ltr'>nonisluliis</span> <span class='ocrx_word' id='word_1_178' title='bbox 591 2055 740 2108; x_wconf 85' lang='lat' dir='ltr'>sacerdotes</span> <span class='ocrx_word' id='word_1_179' title='bbox 760 2056 871 2127; x_wconf 85' lang='lat' dir='ltr'>publici,</span> <span class='ocrx_word' id='word_1_180' title='bbox 907 2086 909 2089; x_wconf 91' lang='lat'><em>-</em></span> 
     </span>
     <span class='ocr_line' id='line_1_24' title="bbox 81 2138 872 2212; baseline -0.001 -17"><span class='ocrx_word' id='word_1_181' title='bbox 81 2142 151 2196; x_wconf 80' lang='lat' dir='ltr'><strong>XII.</strong></span> <span class='ocrx_word' id='word_1_182' title='bbox 162 2142 280 2195; x_wconf 80' lang='lat' dir='ltr'>Kalend.</span> <span class='ocrx_word' id='word_1_183' title='bbox 319 2140 489 2212; x_wconf 81' lang='lat' dir='ltr'>Septembres</span> <span class='ocrx_word' id='word_1_184' title='bbox 504 2140 604 2193; x_wconf 82' lang='lat' dir='ltr'>flamen</span> <span class='ocrx_word' id='word_1_185' title='bbox 619 2138 766 2202; x_wconf 76' lang='lat' dir='ltr'>Quirinalis</span> <span class='ocrx_word' id='word_1_186' title='bbox 781 2148 807 2194; x_wconf 90' lang='lat' dir='ltr'>et</span> <span class='ocrx_word' id='word_1_187' title='bbox 821 2143 872 2194; x_wconf 82' lang='lat' dir='ltr'>rir-</span> 
     </span>
     <span class='ocr_line' id='line_1_25' title="bbox 81 2217 872 2302; baseline -0.003 -19"><span class='ocrx_word' id='word_1_188' title='bbox 81 2231 164 2302; x_wconf 80' lang='lat' dir='ltr'>gines.</span> <span class='ocrx_word' id='word_1_189' title='bbox 201 2217 310 2282; x_wconf 83' lang='lat' dir='ltr'>Dehinc</span> <span class='ocrx_word' id='word_1_190' title='bbox 328 2228 402 2281; x_wconf 87' lang='lat' dir='ltr'>idem</span> <span class='ocrx_word' id='word_1_191' title='bbox 420 2225 557 2281; x_wconf 84' lang='lat' dir='ltr'>Romulus</span> <span class='ocrx_word' id='word_1_192' title='bbox 573 2226 633 2280; x_wconf 80' lang='lat' dir='ltr'>lovi</span> <span class='ocrx_word' id='word_1_193' title='bbox 651 2226 772 2281; x_wconf 87' lang='lat' dir='ltr'>Feretrio</span> <span class='ocrx_word' id='word_1_194' title='bbox 794 2229 872 2281; x_wconf 92' lang='lat' dir='ltr'>ludos</span> 
     </span>
     <span class='ocr_line' id='line_1_26' title="bbox 40 2314 872 2385; baseline -0.002 -16"><span class='ocrx_word' id='word_1_195' title='bbox 40 2318 73 2370; x_wconf 77' lang='lat'>25</span> <span class='ocrx_word' id='word_1_196' title='bbox 81 2317 197 2370; x_wconf 91' lang='lat' dir='ltr'>instituit</span> <span class='ocrx_word' id='word_1_197' title='bbox 208 2317 238 2368; x_wconf 89' lang='lat' dir='ltr'>in</span> <span class='ocrx_word' id='word_1_198' title='bbox 251 2315 373 2385; x_wconf 83' lang='lat' dir='ltr'>Tarpeio,</span> <span class='ocrx_word' id='word_1_199' title='bbox 384 2332 450 2385; x_wconf 91' lang='lat' dir='ltr'>quos</span> <span class='ocrx_word' id='word_1_200' title='bbox 463 2314 590 2384; x_wconf 85' lang='lat' dir='ltr'>Tarpeios</span> <span class='ocrx_word' id='word_1_201' title='bbox 604 2314 688 2366; x_wconf 85' lang='lat' dir='ltr'>dictos</span> <span class='ocrx_word' id='word_1_202' title='bbox 703 2321 731 2367; x_wconf 92' lang='lat' dir='ltr'>et</span> <span class='ocrx_word' id='word_1_203' title='bbox 746 2314 872 2385; x_wconf 80' lang='lat' dir='ltr'>Capitoli-</span> 
     </span>
     <span class='ocr_line' id='line_1_27' title="bbox 82 2399 873 2471; baseline -0.003 -16"><span class='ocrx_word' id='word_1_204' title='bbox 82 2420 130 2455; x_wconf 91' lang='lat' dir='ltr'>nos</span> <span class='ocrx_word' id='word_1_205' title='bbox 142 2401 346 2467; x_wconf 82' lang='lat' dir='ltr'>Pisotradidit3</span> <span class='ocrx_word' id='word_1_206' title='bbox 364 2408 425 2471; x_wconf 91' lang='lat' dir='ltr'>post</span> <span class='ocrx_word' id='word_1_207' title='bbox 437 2400 510 2453; x_wconf 87' lang='lat' dir='ltr'>hunc</span> <span class='ocrx_word' id='word_1_208' title='bbox 518 2399 612 2452; x_wconf 84' lang='lat' dir='ltr'>Numa</span> <span class='ocrx_word' id='word_1_209' title='bbox 624 2399 776 2470; x_wconf 88' lang='lat' dir='ltr'>Pompilius</span> <span class='ocrx_word' id='word_1_210' title='bbox 788 2400 873 2453; x_wconf 86' lang='lat' dir='ltr'>Marti</span> 
     </span>
    </p>

    <p class='ocr_par' dir='ltr' id='par_1_3' title="bbox 32 2484 923 2982">
     <span class='ocr_line' id='line_1_28' title="bbox 32 2484 923 2557; baseline -0.002 -18"><span class='ocrx_word' id='word_1_211' title='bbox 32 2509 34 2512; x_wconf 93' lang='lat'>·</span> <span class='ocrx_word' id='word_1_212' title='bbox 83 2494 111 2539; x_wconf 94' lang='lat' dir='ltr'>et</span> <span class='ocrx_word' id='word_1_213' title='bbox 127 2486 259 2557; x_wconf 78' lang='lat' dir='ltr'>Robigini</span> <span class='ocrx_word' id='word_1_214' title='bbox 279 2485 369 2554; x_wconf 78' lang='lat' dir='ltr'>[iecit]</span> <span class='ocrx_word' id='word_1_215' title='bbox 392 2486 466 2554; x_wconf 88' lang='lat' dir='ltr'>(nam</span> <span class='ocrx_word' id='word_1_216' title='bbox 484 2492 511 2538; x_wconf 92' lang='lat' dir='ltr'>et</span> <span class='ocrx_word' id='word_1_217' title='bbox 529 2484 671 2556; x_wconf 80' lang='lat' dir='ltr'>Robiginis</span> <span class='ocrx_word' id='word_1_218' title='bbox 693 2487 773 2539; x_wconf 89' lang='lat' dir='ltr'>deam</span> <span class='ocrx_word' id='word_1_219' title='bbox 790 2485 874 2538; x_wconf 62' lang='lat' dir='ltr'>finxess</span> <span class='ocrx_word' id='word_1_220' title='bbox 921 2484 923 2488; x_wconf 50' lang='lat'><em>⁴</em></span> 
     </span>
     <span class='ocr_line' id='line_1_29' title="bbox 83 2570 874 2642; baseline -0.003 -17"><span class='ocrx_word' id='word_1_221' title='bbox 83 2574 173 2642; x_wconf 64' lang='lat' dir='ltr'>runt),</span> <span class='ocrx_word' id='word_1_222' title='bbox 192 2571 291 2624; x_wconf 88' lang='lat' dir='ltr'>dehinc</span> <span class='ocrx_word' id='word_1_223' title='bbox 305 2570 400 2623; x_wconf 86' lang='lat' dir='ltr'>Tullus</span> <span class='ocrx_word' id='word_1_224' title='bbox 418 2571 560 2638; x_wconf 86' lang='lat' dir='ltr'>Hostilius,</span> <span class='ocrx_word' id='word_1_225' title='bbox 573 2571 671 2623; x_wconf 88' lang='lat' dir='ltr'>dehinc</span> <span class='ocrx_word' id='word_1_226' title='bbox 682 2572 784 2624; x_wconf 69' lang='lat' dir='ltr'>&#39;Ancus</span> <span class='ocrx_word' id='word_1_227' title='bbox 801 2572 874 2634; x_wconf 83' lang='lat' dir='ltr'>Mar-</span> 
     </span>
     <span class='ocr_line' id='line_1_30' title="bbox 83 2655 874 2725; baseline -0.001 -15"><span class='ocrx_word' id='word_1_228' title='bbox 83 2659 137 2711; x_wconf 91' lang='lat' dir='ltr'>tius</span> <span class='ocrx_word' id='word_1_229' title='bbox 149 2663 176 2710; x_wconf 87' lang='lat' dir='ltr'>et</span> <span class='ocrx_word' id='word_1_230' title='bbox 189 2657 279 2723; x_wconf 87' lang='lat' dir='ltr'>ceteri,</span> <span class='ocrx_word' id='word_1_231' title='bbox 290 2656 337 2725; x_wconf 87' lang='lat' dir='ltr'>qui</span> <span class='ocrx_word' id='word_1_232' title='bbox 347 2663 464 2725; x_wconf 83' lang='lat' dir='ltr'>quotque</span> <span class='ocrx_word' id='word_1_233' title='bbox 472 2673 521 2725; x_wconf 89' lang='lat' dir='ltr'>per</span> <span class='ocrx_word' id='word_1_234' title='bbox 533 2656 656 2725; x_wconf 84' lang='lat' dir='ltr'>ordinem</span> <span class='ocrx_word' id='word_1_235' title='bbox 669 2663 695 2707; x_wconf 90' lang='lat' dir='ltr'>et</span> <span class='ocrx_word' id='word_1_236' title='bbox 708 2655 874 2725; x_wconf 63' lang='lat' dir='ltr'>quibus‘ido-</span> 
     </span>
     <span class='ocr_line' id='line_1_31' title="bbox 41 2736 873 2810; baseline -0.007 -10"><span class='ocrx_word' id='word_1_237' title='bbox 41 2745 117 2800; x_wconf 88' lang='lat' dir='ltr'>30lis</span> <span class='ocrx_word' id='word_1_238' title='bbox 137 2743 217 2795; x_wconf 91' lang='lat' dir='ltr'>ludos</span> <span class='ocrx_word' id='word_1_239' title='bbox 237 2742 410 2808; x_wconf 80' lang='lat' dir='ltr'>instituerint,</span> <span class='ocrx_word' id='word_1_240' title='bbox 422 2741 539 2810; x_wconf 92' lang='lat' dir='ltr'>positum</span> <span class='ocrx_word' id='word_1_241' title='bbox 558 2747 597 2792; x_wconf 89' lang='lat' dir='ltr'>est</span> <span class='ocrx_word' id='word_1_242' title='bbox 619 2740 692 2809; x_wconf 87' lang='lat' dir='ltr'>apud</span> <span class='ocrx_word' id='word_1_243' title='bbox 714 2736 873 2794; x_wconf 80' lang='lat' dir='ltr'>Suetonium</span> 
     </span>
     <span class='ocr_line' id='line_1_32' title="bbox 50 2825 872 2900; baseline -0.002 -16"><span class='ocrx_word' id='word_1_244' title='bbox 50 2853 52 2855; x_wconf 49' lang='lat'><strong><em>¹</em></strong></span> <span class='ocrx_word' id='word_1_245' title='bbox 83 2828 281 2900; x_wconf 85' lang='lat' dir='ltr'>Tranquillum,</span> <span class='ocrx_word' id='word_1_246' title='bbox 291 2826 335 2879; x_wconf 77' lang='lat' dir='ltr'>uel</span> <span class='ocrx_word' id='word_1_247' title='bbox 348 2845 364 2879; x_wconf 90' lang='lat' dir='ltr'>a</span> <span class='ocrx_word' id='word_1_248' title='bbox 376 2827 473 2897; x_wconf 88' lang='lat' dir='ltr'>quibus</span> <span class='ocrx_word' id='word_1_249' title='bbox 486 2825 793 2897; x_wconf 60' lang='grc'>11111101111111000001111.1</span> <span class='ocrx_word' id='word_1_250' title='bbox 809 2825 872 2892; x_wconf 73' lang='lat' dir='ltr'>Sed</span> 
     </span>
     <span class='ocr_line' id='line_1_33' title="bbox 82 2910 878 2982; baseline -0.003 -14"><span class='ocrx_word' id='word_1_251' title='bbox 82 2917 149 2970; x_wconf 87' lang='lat' dir='ltr'>haec</span> <span class='ocrx_word' id='word_1_252' title='bbox 162 2917 225 2970; x_wconf 86' lang='lat' dir='ltr'>satis</span> <span class='ocrx_word' id='word_1_253' title='bbox 237 2919 316 2967; x_wconf 91' lang='lat' dir='ltr'>erunt</span> <span class='ocrx_word' id='word_1_254' title='bbox 329 2913 364 2965; x_wconf 89' lang='lat' dir='ltr'>ad</span> <span class='ocrx_word' id='word_1_255' title='bbox 377 2911 487 2982; x_wconf 79' lang='lat' dir='ltr'>originis</span> <span class='ocrx_word' id='word_1_256' title='bbox 500 2910 698 2975; x_wconf 82' lang='lat' dir='ltr'>deidololatria</span> <span class='ocrx_word' id='word_1_257' title='bbox 710 2920 822 2979; x_wconf 86' lang='lat' dir='ltr'>reatum.</span> <span class='ocrx_word' id='word_1_258' title='bbox 837 2958 840 2962; x_wconf 17' lang='grc' dir='ltr'><em>Α</em></span> <span class='ocrx_word' id='word_1_259' title='bbox 874 2934 878 2941; x_wconf 93' lang='grc'><em>·</em></span> 
     </span>
    </p>
   </div>
   <div class='ocr_carea' id='block_1_3' title="bbox 0 0 976 3312">
    <p class='ocr_par' dir='ltr' id='par_1_4' title="bbox 0 0 976 3312">
     <span class='ocr_line' id='line_1_34' title="bbox 0 0 976 3312; baseline 0 0"><span class='ocrx_word' id='word_1_260' title='bbox 0 0 976 3312; x_wconf 95' lang='lat' dir='ltr'> </span> 
     </span>
    </p>
   </div>
  </div>
 </body>
</html>
