1921 3312
373 113 575 170 Arouocn'rrcus.
837 117 871 168 91

80 258 187 327 quando
201 259 246 312 vel
260 277 314 313 una
326 278 380 314 nox
392 261 514 332 pauculis
526 261 628 315 faculis·
637 262 748 334 largiter
761 261 870 315 ultionis

79 347 294 416 posset-operari,
305 347 327 400 si
340 347 442 400 malum
455 348 672 420 malo'dispungi‘
683 365 764 420 penes
777 366 826 401 nos
839 347 870 400 li-

80 432 169 483 ceretl
207 430 350 500 Sedabsit,
360 440 391 485 ut
403 440 450 486 aut
462 434 521 504 igni
532 434 652 487 humano
665 435 818 487 vindicetur
830 435 869 487 di-

78 515 142 567 vina
154 522 234 583 secta,
244 523 290 569 aut
300 518 389 571 doleat
400 519 465 589 pati,
475 520 505 571 in
515 537 568 589 quo
579 520 717 590 probatur.
752 518 782 572 si
794 521 868 572 enim

78 599 167 653 hostes
186 609 310 671 exsertos,
322 621 377 656 non
391 611 499 657 tantum
513 605 634 656 vindices
644 604 770 657 occultos
788 623 868 675 agere
887 610 909 660 15

79 686 216 755 vellemus,
227 688 330 742 deesset
342 690 419 742 nobis
429 691 469 742 vis
477 690 658 749 ¹numerorum
665 697 697 742 ‘et
710 690 867 760 copiarum?

79 769 175 825 Plures
190 774 319 839 nimirum
333 773 424 827 Mauri
439 782 467 828 et
481 774 670 827 Marcomanni
684 775 789 845 ipsique
804 773 868 827 Par4

80 858 128 928 1111,
141 860 185 913 vel
200 860 423 931 quantaecunque
441 862 520 914 unius
535 868 627 914 tamen
641 862 694 914 loci
713 868 740 914 et
758 879 868 915 suorum

79 944 180 998 finium·
197 954 297 1018 gentes,
312 965 394 1016 quam
412 949 495 1000 totius
514 948 592 1001 orbis.
629 946 758 1000 Hesterni
776 965 867 1000 sumus

79 1038 208 1085 1111111111
227 1034 318 1085 omnia
336 1033 516 1102 implevimus,
530 1033 738 1100 1111111111111111,
752 1034 867 1101 castella,
876 1037 910 1087 10

79 1117 234 1187 municipia,
249 1117 436 1184 conciliabula,
449 1124 535 1169 castra
553 1118 619 1186 ipsa,
632 1117 726 1184 tribus,
739 1118 868 1186 decurias

78 1202 219 1271 palatium,
227 1208 357 1269 senatum,
365 1200 472 1269 iorum3
487 1201 543 1255 sola
550 1202 627 1255 vobis
639 1202 796 1272 reliquimus
804 1189 869 1256 tem.

79 1287 133 1357 pla,
169 1278 500 1341 Possumus'diuumerare
513 1289 644 1340 exercitus
656 1295 770 1341 vestros:
789 1290 869 1342 unius

79 1374 340 1445 provinciae‘plures
356 1381 442 1427 erunt.
480 1373 533 1426 Oui
547 1373 619 1426 bello
634 1391 690 1425 uon
703 1374 802 1442 idonei,
814 1392 870 1427 nou

79 1453 198 1530 prompti
210 1458 362 1529 fuissemus,
376 1457 459 1512 etiam
474 1459 589 1529 impares
605 1459 697 1530 copiis,
710 1460 757 1528 qui
771 1465 829 1512 tam
840 1460 911 1515 11-15

80 1545 175 1597 beuter
198 1546 373 1613 trucidamur,
389 1547 411 1598 si
432 1563 488 1598 non
509 1545 582 1615 apud
599 1546 680 1598 istam
699 1544 870 1615 disciplinam

79 1631 166 1701 magis
184 1632 272 1684 occidi
289 1632 390 1699 liceret,
404 1630 486 1701 quam
498 1630 644 1684 occideret
680 1630 823 1683 Potuimus
842 1638 869 1684 et

79 1716 202 1785 inermes,
215 1718 400 1784 nec'rebelles
413 1717 461 1770 sed
474 1717 662 1771 tantummodo
675 1717 817 1784 discordes,
826 1727 869 1770 'so-

79 1802 132 1856 lius
142 1803 250 1856 divortii
261 1803 364 1856 invidia
377 1803 502 1856 adversus
509 1821 558 1856 vos
568 1803 714 1856 dimicasse.
752 1802 782 1855 si
794 1804 869 1855 enim

80 1895 156 1941 tanta
174 1889 375 1953 vishomiuum
386 1890 423 1944 in
441 1889 559 1959 aliquem
577 1890 648 1942 orbis
666 1889 763 1942 remoti
781 1890 870 1941 sinum
879 1895 913 1946 20

5 2014 7 2017 -
81 1974 278 2046 abrupissemus
291 1995 307 2029 a
318 1971 567 2044 robisgsnffudisset
581 1975 708 2045 [pudore]
721 1975 814 2044 utique
827 1975 871 2027 do-

80 2057 258 2115 minationem
272 2062 390 2114 uestram
408 2068 448 2114 tot
463 2061 692 2130 qualiumcunque
711 2061 818 2113 amissio
837 2061 872 2112 ci

80 2147 164 2214 vium,
176 2147 231 2199 imo
245 2147 326 2199 etiam
341 2154 368 2199 et
380 2147 438 2216 ipsa
451 2146 769 2216 destitutionepunisset.
806 2144 871 2198 Pro-

81 2232 125 2284 cul
138 2232 220 2299 dubio
229 2232 407 2301 ‘expavissetis
416 2232 457 2284 :ad
469 2231 643 2289 solitudinem
656 2232 779 2296 vestram,
790 2229 825 2282 ad
838 2230 870 2282 si·-

80 2310 195 2387 lentium
205 2334 304 2369 ‘rerum
322 2323 349 2368 et
359 2322 503 2386 'stuporem
516 2315 658 2384 quendam
676 2314 753 2383 quasi
770 2314 870 2367 mortui
878 2320 913 2372 25

81 2398 167 2471 orbis3
186 2402 352 2472 quaesissetis
362 2402 459 2470 quibus
469 2400 642 2470 imperaretis.
676 2397 772 2451 Plures
782 2399 871 2453 hostes

81 2507 163 2559 quam
176 2490 246 2541 cives
259 2487 335 2540 vobis
350 2485 545 2539 remansissent.
582 2484 665 2538 Nunc
677 2485 752 2538 enim
764 2486 871 2556 paucio:

81 2594 123 2628 res
140 2575 227 2629 hostes
245 2572 349 2626 habetis
367 2589 431 2642 prae
454 2569 630 2623 multitudine
649 2570 871 2637 Christianorum
931 2603 933 2606 -

80 2679 167 2730 paene
176 2658 451 2713 omniumcivitatum
459 2674 546 2726 paene
559 2673 652 2709 omnes
665 2655 872 2708 civesOhristia

81 2764 129 2799 nos
147 2746 285 2800 habendo
316 2742 370 2795 Sed
389 2741 477 2795 hostes
498 2742 631 2795 maluistis
649 2743 746 2794 vocare
767 2741 871 2813 generis
879 2745 912 2795 30

80 2831 200 2885 humani.
239 2829 413 2893 Quisautem
427 2845 476 2881 ros
485 2828 525 2892 ab
541 2827 595 2881 illis
610 2827 722 2881 occultis
737 2833 764 2880 et
778 2843 871 2896 usque-

82 2936 188 2990 quaque
200 2914 366 2972 vastantibus
380 2920 485 2973 mentes
497 2921 524 2979 et
535 2914 705 2990 ‘valetudines
718 2919 817 2967 vestras
826 2911 871 2964 ho
927 2959 929 2962 .

448 2992 472 3045 Ε
