1921 3312
365 139 404 175 An
422 139 568 178 serrantur.
810 123 862 176 119

74 274 167 322 6611116
179 268 307 329 mandata
319 265 434 334 faciatis,
444 273 475 325 ut
490 267 624 324 confessos
639 278 737 340 negare
752 268 862 340 cogatis

74 353 335 419 Adeogconfitemini
347 353 503 405 innocentes
518 371 573 405 esse
587 372 644 421 nos,
655 372 720 424 quos
733 355 863 408 damnare

74 441 164 493 statim
179 459 213 493 ex
228 439 395 493 confessione
409 456 465 491 non
479 438 567 491 mritis
606 439 635 492 Si
650 448 741 493 autem
756 448 862 495 conten-

74 526 136 578 ditis
149 526 185 579 ad
197 526 336 579 elidendos
351 542 408 593 nos,
417 525 474 577 iam
488 542 551 595 ergo
566 526 749 578 innocentiam
764 545 862 598 expug-

73 612 151 664 natis.
188 611 291 673 Quanti
313 618 403 664 autem
425 611 559 681 praesides
580 619 611 670 et
626 613 817 665 constantiores
836 620 863 666 61
888 615 903 666 5

66 687 237 752 ,crudeliores
256 697 493 773 dissimuiarerunt
515 698 549 750 ab
568 697 724 751 huiusmodi
748 698 863 755 caussis?

73 790 104 836 ut
117 783 228 838 Cincius
241 783 363 853 Seuerus,
374 784 421 855 qui
434 782 535 836 Thistri
546 783 604 854 ipse
617 783 692 837 dedit
704 784 863 853 remedium,

75 870 209 939 quomodo
222 871 413 942 responderent
423 869 577 939 Christiani,
587 877 617 923 ut
627 871 729 924 dimitti
737 878 863 942 ,possent;

74 963 105 1009 ut
119 956 286 1027 Vespronius
302 956 448 1025 Candidus,
464 957 512 1026 qui
527 955 711 1009 Christianum
729 957 806 1026 quasi
822 963 863 1009 tu-

74 1042 241 1095 multuosum
252 1043 354 1095 civibus
364 1044 417 1095 suis
426 1042 584 1100 ¹satisfacere
595 1027 711 1108 dimisit}
729 1050 759 1095 ut
767 1044 864 1113 Asper,
872 1045 906 1095 10

74 1116 123 1197 qui
135 1129 377 1184 modicevexatum
385 1128 524 1185 hominem
533 1134 561 1181 61
570 1129 660 1181 statim
671 1129 806 1181 deiectum
815 1146 865 1181 nec

75 1211 239 1266 sacrificium
253 1213 385 1284 compulit
399 1212 498 1282 iacere,
512 1220 574 1270 ante
587 1212 723 1284 professus
737 1215 808 1267 inter
822 1215 866 1267 ad-

74 1305 182 1354 vocatos
195 1305 223 1352 et
235 1316 382 1367 assessores
393 1299 483 1353 dolere
496 1311 524 1353 s'e
535 1300 660 1357 incidisse
673 1301 702 1352 in
711 1299 781 1353 hanc
794 1318 866 1353 caus-

75 1401 141 1458 sam.
179 1384 289 1439 Pudens
309 1386 393 1438 etiam
412 1387 523 1461 missum
542 1387 619 1439 adse
635 1385 819 1439 Christianum
836 1387 867 1438 in

76 1471 163 1542 elogio
182 1472 356 1535 concussione
375 1472 432 1525 eius
450 1472 588 1525 intellecta
603 1465 712 1540 dimisit,
727 1473 807 1529 scisso
826 1476 907 1527 66-15

76 1559 139 1612 dem
152 1559 247 1631 etogio,
259 1559 316 1612 sine
331 1564 484 1613 accusatore
496 1576 598 1630 negans
610 1576 638 1612 se
653 1559 810 1612 auditurum
821 1559 867 1613 ho-

75 1646 179 1698 minem
197 1645 346 1698 secundum
365 1645 533 1698 mandatum.
563 1643 648 1697 'Hae'c
666 1645 758 1697 omnia
771 1645 824 1717 tibi
839 1651 866 1697 et

77 1731 111 1784 de
123 1731 211 1793 officio
224 1732 333 1803 suggeri
344 1737 463 1802 possunt,
474 1736 500 1783 61
512 1731 547 1784 ab
556 1730 653 1783 iisdem
665 1731 809 1798 advocatis,
819 1731 866 1800 qui

75 1817 128 1887 ipsi
143 1816 275 1870 beneficia
289 1817 390 1869 habent
406 1815 628 1884 Christianorum,
637 1816 702 1869 licet
717 1815 868 1869 acclament

77 1919 146 1971 quae
155 1901 257 1956 volunt,
290 1901 365 1955 Nam
378 1908 405 1955 et
418 1901 559 1954 cuiusdam
571 1901 698 1969 notarius,
707 1919 769 1954 cum
782 1902 910 1955 adae-20

76 2006 157 2041 mone
182 1988 411 2059 praecipitaretur,
426 1987 555 2041 liberatus
581 1993 628 2055 est,
647 1994 674 2040 61
698 1987 869 2057 quorundam

76 2075 245 2145 propinquus>
255 2081 282 2128 61
294 2075 430 2145 puerulus,
440 2081 467 2128 et
480 2074 576 2145 quanti
585 2073 690 2127 honesti
700 2073 869 2141 1111116111-

76 2161 186 2230 garibus
198 2160 272 2213 enim
284 2178 341 2213 non
353 2160 478 2231 dicimus)
492 2168 539 2214 aut
551 2178 567 2213 a
580 2160 731 2215 daemoniisv
740 2166 788 2212 aut
799 2159 870 2212 vale-

76 2233 475 2309 1611111116·161116116116111111’
493 2245 555 2315 Ipse
568 2246 650 2299 etiam
660 2243 782 2311 Seuerus,
791 2250 869 2314 pater

77 2330 220 2396 Antonini,
231 2329 446 2383 Christianorum
460 2347 564 2383 memor
579 2329 641 2382 fuit.
677 2328 752 2382 Nam
760 2335 791 2382 et
802 2328 868 2383 Pro
877 2331 911 2384 25

77 2415 168 2468 cuium
184 2415 375 2484 Christianum,
388 2416 436 2485 qui
450 2415 600 2486 Torpacion
621 2415 868 2486 cognominabatur,

76 2500 207 2555 Euhodae
217 2507 426 2572 procuratorem,
433 2501 483 2571 ,qui
493 2519 555 2553 eum
566 2519 617 2572 per·
624 2501 714 2571 oleum
724 2501 869 2572 aliquando

77 2594 225 2656 curaverat,
238 2587 378 2657 requisivit
395 2594 423 2640 et
440 2588 471 2639 in
488 2587 589 2658 palatio
608 2605 656 2641 suo
671 2587 767 2642 habuit
784 2606 870 2658 usque

77 2674 113 2727 ad
125 2681 242 2735 mortem
255 2675 327 2742 cius3
346 2691 428 2744 quem
440 2679 468 2726 et
476 2673 632 2727 Antoninus
645 2675 747 2745 optime
759 2680 870 2728 noverat
907 2675 909 2677 ’

77 2758 147 2812 lacte
163 2759 316 2820 Christiano
331 2759 467 2817 educatus.
506 2759 562 2813 Sed
576 2767 603 2813 61
619 2760 777 2813 clarissimas
791 2759 870 2812 femi·
878 2763 912 2813 30

4 2886 5 2889 ,
77 2861 125 2896 nas
144 2852 172 2898 et
187 2844 347 2898 clarissimos
362 2846 433 2910 uiros
449 2844 669 2914 Seuerusscieus
684 2834 763 2897 huius
782 2852 869 2897 sectae

78 2945 141 2995 esse,
151 2943 205 2982 non
218 2930 300 2991 modo
314 2948 368 3002 non
381 2930 468 2997 laesit,
477 2948 572 2987 verum
587 2937 614 2983 et
626 2930 780 3004 testimonio
795 2945 869 3004 exure
