1921 3312
360 139 561 177 00000000ου0.
611 196 614 199 v
804 124 855 175 105

65 268 168 339 perbos·
177 266 300 320 Platonis
318 272 390 317 toros
409 265 462 317 alia
480 268 604 336 superbia
623 268 760 322 deculcat:
778 267 857 320 Chri·
899 258 901 263 ¹

66 354 167 407 stianus
185 370 236 404 nec
254 352 283 402 in
298 359 446 421 pauperem
464 352 590 420 superbit.
629 351 659 405 Si
674 354 707 405 de
725 354 857 407 modestia

67 448 174 507 certem,
193 454 256 490 ecce
274 435 444 507 Pythagoras
466 437 539 506 apud
553 436 677 505 Thurios,
690 439 762 493 Zeno
784 440 856 510 apud

66 524 225 576 Prienenses
246 521 419 592 tyrannidem
441 520 585 575 affectant:
609 522 774 576 Christianus
792 542 856 578 vero

66 627 116 661 nec
131 608 305 661 aedilitatem.
344 606 375 659 Si
391 606 425 659 de
441 607 526 659 animi
541 608 676 676 acquitate
691 610 857 679 congrediar,
885 618 900 667 5

66 694 205 765 Lycurgus
221 694 424 764 ἀποκαρτέρησιυ
440 693 550 762 optavit,
564 693 636 762 quod
650 693 724 764 leges
739 694 796 746 eius
809 694 858 747 La-

67 798 146 833 cones
156 779 342 832 emendassent
352 796 357 831 :
379 777 546 831 Christianus
556 778 638 831 etiam
648 779 790 833 damnatus
799 799 858 852 gra·-

66 868 117 919 tias
132 867 195 937 agit.
234 864 264 919 Si
276 865 311 918 de
323 863 379 918 fide
395 882 557 935 comparem,
567 864 743 936 Anaxagoras
756 865 858 937 deposi-

5 976 8 980 ·
66 959 126 1005 tum
144 952 293 1023 hospitibus
313 952 473 1023 denegavit:
497 950 663 1004 Christianus
682 953 765 1004 etiam
783 958 858 1006 extra

44 1086 45 1090 ,
66 1039 153 1093 fidelis
163 1046 281 1092 vocatm·.
319 1037 395 1090 Side
408 1037 581 1107 simplicitate
595 1038 746 1105 consistam,
756 1038 901 1094 Aristo-10

66 1125 132 1177 teles
147 1123 312 1177 familiarem
330 1133 408 1176 suum
422 1122 566 1174 Hermiam
581 1122 697 1192 turpiter
710 1122 770 1175 loco
785 1141 859 1176 exce-

67 1210 131 1263 dere
149 1209 230 1263 0000οε
251 1208 418 1262 Christianus
436 1226 487 1261 nec
505 1208 649 1260 inimicum
670 1226 750 1260 suum
767 1208 859 1262 laedit

67 1295 147 1349 Idem
154 1295 314 1349 Aristoteles
327 1301 383 1347 tam
392 1294 507 1364 turpiter
514 1293 672 1347 Alexandro
684 1295 802 1365 regendo
814 1312 859 1365 po-

67 1383 120 1434 tius
144 1382 278 1448 adulatur,
297 1398 380 1450 quam
398 1378 478 1432 Plato
496 1378 629 1451 Dionysio
648 1380 748 1433 uentris
772 1382 860 1453 gratia

68 1467 229 1520 venditatur.
266 1466 422 1536 Aristippus
440 1466 470 1517 in
485 1483 604 1536 purpura
620 1467 669 1519 sub
684 1484 784 1538 magna
801 1471 902 1538 gra÷15

67 1552 157 1606 vitatis
176 1552 316 1622 superficie
334 1557 483 1621 nepotatur,
499 1557 526 1603 00
540 1550 664 1622 Hippias,
675 1552 740 1605 dum
757 1554 857 1606 civitati

68 1639 178 1691 insidias
189 1638 314 1709 disponit,
325 1636 463 1690 occiditur.
500 1635 563 1690 Hoc
575 1655 624 1707 pro
637 1638 692 1690 suis
704 1640 779 1691 omni
793 1646 860 1693 atro-

68 1725 150 1777 citate
165 1724 298 1794 dissipatis
316 1740 397 1776 nemo
414 1740 535 1793 unquam
550 1722 717 1777 Christianus
736 1726 858 1778 tentavit.

70 1810 123 1863 Sed
134 1811 206 1863 dicet
220 1809 325 1879 aliquis,
335 1809 417 1862 etiam
429 1809 464 1860 de
477 1809 573 1862 nostris
586 1811 715 1863 excedere
729 1812 860 1881 quosdam

66 1915 87 1950 a
98 1896 192 1967 regula
206 1895 379 1965 disciplinae;
398 1894 525 1947 desinunt
536 1902 597 1948 tum
610 1895 756 1950 Christiani
767 1897 860 1951 haberi
869 1903 904 1953 20

69 1999 152 2055 penes
170 2000 227 2050 nos,
239 1980 391 2053 philosophi
406 1998 470 2033 vero
485 1981 527 2033 illi
547 2000 609 2053 cum
624 1982 723 2036 talibus
737 1982 818 2037 factis
831 1984 861 2035 in

70 2069 180 2122 nomine
193 2074 220 2121 et
232 2066 372 2120 inhonore
384 2067 531 2137 sapientiae
543 2075 715 2138 perseverant
727 2069 799 2140 apud
807 2088 862 2123 ros.

71 2153 146 2215 Quid
155 2153 222 2207 adeo
231 2152 318 2205 simile
327 2152 500 2223 philosophus
511 2160 538 2206 et
547 2152 721 2222 Christianus,
731 2155 862 2208 Graeciae

72 2238 218 2308 discipulus
228 2244 255 2290 et
268 2237 344 2304 coeli,
354 2236 445 2290 famae
458 2238 609 2308 negotiator
621 2244 648 2290 et
660 2239 760 2306 salutis,
769 2240 861 2292 verbo-

72 2342 134 2377 rum
150 2330 178 2376 et
192 2322 329 2375 factorum
347 2329 478 2392 operator,
493 2340 584 2375 rerum
603 2322 758 2376 aedificator
775 2331 803 2377 et
817 2325 903 2378 de-aa

72 2415 193 2477 structor,
208 2408 383 2479 interpolator
405 2408 501 2461 erroris
522 2415 550 2461 et
567 2409 716 2480 integrator
733 2411 861 2479 veritatis,

72 2496 177 2549 furator
189 2495 245 2547 eius
258 2500 285 2547 et
299 2500 394 2546 custos.
414 2496 416 2499 ’
440 2540 442 2542 .

109 2579 229 2635 XLVII.
239 2580 341 2633 Adhuc
351 2580 425 2645 enim
434 2578 502 2630 mihi
514 2577 621 2648 proficit
634 2581 783 2650 antiquitas
789 2586 864 2653 prae-

74 2674 175 2721 structa
191 2667 299 2721 divinae
313 2666 487 2733 litteraturae,
501 2682 554 2734 quo
569 2664 652 2719 facilc
668 2661 794 2721 credatur
808 2668 864 2722 the-

75 2773 185 2808 saurum
199 2772 260 2808 eam
274 2751 358 2806 tuisse
371 2751 511 2822 posteriori
526 2751 623 2821 cuique
638 2754 792 2824 sapientiae.
829 2754 865 2807 Et
873 2758 906 2808 30

75 2841 98 2894 si
110 2857 246 2895 nononus
258 2840 314 2892 iam
326 2837 469 2915 voluminis
481 2841 669 2907 temperarem,
679 2841 761 2893 etiam
774 2858 864 2894 excur-

76 2922 601 2995 reremin’hancquoqueprohationem.
639 2924 707 2987 Quis
715 2932 865 2997 poetarum,
