1921 3312
97 107 131 157 92
273 117 315 159 66,
329 116 398 151 surr.
411 115 486 150 raon.
499 115 707 151 ranrnnnrnnos.

96 248 179 300 stibus
191 242 312 314 raperet?
331 259 347 294 a
357 241 562 295 daemoniorum
574 242 726 294 incursibus
736 241 805 311 dico,
816 259 885 313 quae

95 333 129 385 de
139 330 212 383 vobis
222 330 279 382 sine
288 328 416 399 praemio,
424 329 484 383 sine.
490 327 614 380 mercede
622 327 790 397 depellimus.
823 327 885 381 Sur-

94 417 201 469 fecisset
209 414 261 468 hoc
273 413 362 467 solum
373 420 480 466 nostrae
491 413 597 480 ultioni,
606 413 680 482 quod
689 432 774 467 uacua
787 415 885 469 exinde

93 502 221 574 possessio
240 499 387 552 immundis
406 499 543 569 spiritibus
557 499 692 569 pateretis.
730 499 816 554 Porro
834 520 886 554 nec

71 588 163 643 ttanti
174 587 302 659 praesidii
313 586 558 656 compensationem
571 584 727 655 cogitantes,
736 604 792 640 non
804 588 885 641 modo
913 583 915 585 ’

95 691 149 727 11611
158 672 302 726 molestum
311 671 386 724 vobis
395 689 488 742 genus,
496 688 592 723 uerum
605 671 689 723 etiarn
697 674 886 741 necessarium,

95 760 183 812 hostes
197 759 317 810 iudicare
332 757 478 810 maluistis:
497 757 545 826 qui
563 774 655 809 sumus
671 757 759 828 plane,
772 777 826 812 non
842 778 886 830 ge-

94 845 165 897 neris
177 844 290 896 humani
302 850 401 912 tamen,
411 844 458 897 sed
469 844 559 914 potius
572 844 675 897 erroris,

130 927 303 983 XXXVIII.
316 928 443 997 Proinde,
452 947 503 982 nec
518 930 599 1000 paulo
611 930 708 999 lenius,
717 931 787 984 iuter
799 931 887 984 licitas

55 1022 89 1073 10
96 1016 227 1069 factiones
242 1022 343 1069 sectam
357 1016 438 1068 istam
450 1016 575 1087 deputari
590 1018 736 1088 oportebat,
750 1035 767 1069 a
780 1034 834 1087 qua
847 1018 887 1069 ni-

96 1103 138 1155 hil
151 1103 206 1156 tale
221 1102 409 1169 committitur,
419 1102 498 1171 quale
514 1103 552 1155 de.
561 1103 664 1155 'illicitis
676 1102 840 1156 factionibus
855 1104 887 1156 ti-

98 1190 166 1242 meri
178 1188 253 1252 solet.
289 1188 352 1240 Nisi
364 1186 446 1241 iallor
460 1189 540 1256 enim,
552 1189 781 1259 prohibendarum
793 1189 887 1242 lactio-

97 1278 165 1327 num
183 1293 275 1327 caussa
290 1274 324 1326 de
339 1274 508 1345 providentia
525 1281 628 1327 constat
641 1275 788 1328 modestiae
802 1275 888 1345 publi-

99 1379 153 1428 cae,
165 1378 200 1413 ne
219 1361 313 1413 civitas
327 1360 357 1411 in
372 1366 460 1430 partes
475 1361 648 1428 scinderetur,
662 1378 730 1430 quae
749 1378 790 1413 res
805 1359 887 1413 facile

57 1451 90 1503 15
100 1447 215 1514 comitia,
229 1445 350 1514 concilia,
366 1446 460 1513 curias,
475 1446 622 1513 conciones,
636 1445 787 1515 spectacula
805 1446 887 1498 etiam

99 1532 211 1586 aemulis
223 1532 373 1584 studiorum
383 1531 637 1601 compulsationibus
646 1531 816 1600 inquietaret,
825 1550 888 1584 curn

98 1618 153 1670 iarn
166 1618 233 1670 etin
247 1623 359 1687 quaestu
371 1616 471 1669 habere
484 1616 632 1689 coepissent
643 1616 769 1669 venalem
781 1623 808 1669 et
820 1634 888 1669 mer-

98 1704 233 1757 cenariam
242 1702 365 1755 homines
375 1703 519 1756 violentiae
532 1720 595 1755 suae
608 1720 725 1773 operam.
761 1703 802 1755 At
815 1703 888 1754 enim

97 1791 175 1843 nobis
194 1791 228 1842 ab
244 1791 319 1842 omni
337 1789 439 1860 gloriae
455 1796 483 1841 et
498 1789 637 1859 dignitatis
656 1789 751 1841 ardore
764 1788 889 1859 frigenti-

57 1876 148 1928 20bus
169 1875 246 1927 nulla
264 1882 304 1927 est
321 1876 463 1948 necessitas
486 1881 584 1942 coetus,
598 1891 650 1926 nec
668 1874 725 1926 ulla
742 1876 829 1945 magis
847 1892 889 1927 res

100 1961 196 2028 aliena,
207 1978 288 2030 quam
300 1960 417 2029 publica.
455 1959 547 2012 Unam
560 1959 682 2011 omnium
694 1960 889 2029 rempublicam

100 2046 276 2116 agnoscimus,
289 2045 429 2097 mundum.
468 2045 567 2114 Aeque
582 2045 740 2115 spectaculis
752 2047 846 2099 restris
860 2048 890 2098 in

100 2137 206 2184 tantum
224 2131 416 2199 renuntiamus,
429 2130 459 2182 in
474 2137 607 2201 quantum
622 2131 769 2201 originibus
788 2150 889 2200 eorum,

99 2235 166 2287 quas
181 2217 279 2270 scimus
293 2217 327 2269 de
342 2217 530 2287 superstitione
548 2223 696 2287 conceptas,
710 2235 772 2269 cum
787 2225 814 2271 et
826 2220 890 2289 ipsis

55 2303 90 2355 25
98 2304 185 2370 rebus,
196 2303 229 2355 de
249 2303 346 2372 quibus
365 2303 557 2374 transiguntur,
571 2309 774 2374 praetersumus.
811 2303 890 2357 Nihil

99 2396 140 2441 est
157 2390 234 2442 nobis
250 2389 333 2457 dictu,
343 2388 410 2457 visu,
423 2389 519 2442 auditu
538 2408 600 2443 cum
619 2390 723 2443 insania
742 2391 814 2459 circi,
828 2409 890 2444 cum

99 2474 269 2543 impudicitia
286 2474 393 2542 theatri,
408 2493 471 2527 cum
489 2476 628 2529 atrocitate
648 2494 752 2544 arenae,
769 2495 832 2528 cum
847 2496 891 2529 ra-

100 2559 184 2610 nitate
197 2559 273 2628 xysti.
310 2558 399 2611 Licuit
407 2551 547 2630 Epicureis
561 2562 680 2630 aliquam
691 2563 835 2614 decernere
846 2580 890 2614 ro-

99 2644 211 2714 luptatis
218 2644 366 2709 veritatem.
404 2644 465 2706 Quo
474 2664 521 2698 vos
531 2645 700 2713 offendimus,
708 2647 731 2699 si
741 2647 808 2699 alias
816 2665 890 2717 prae-

57 2732 92 2783 30
100 2730 232 2783 sumimus
244 2728 411 2799 voluptatesl
450 2728 480 2782 si
495 2730 624 2794 oblectari
636 2732 740 2784 novisse
756 2732 890 2801 nolumus,

99 2822 191 2868 nostra
205 2814 304 2866 iniuria
318 2820 365 2882 est,
375 2814 398 2867 si
409 2812 488 2883 forte,
499 2822 660 2868 nonrestra.
699 2815 754 2868 Sed
766 2819 890 2888 reproba-

100 2921 160 2956 mus
173 2910 243 2972 quae
256 2900 364 2972 placent
376 2901 459 2969 uobis,
467 2918 519 2954 nec
531 2919 577 2954 ros
589 2888 679 2954 nostra
692 2901 834 2958 delectant.
