1921 3312
98 116 150 168 ilo
273 131 315 172 on.
330 130 399 165 surr.
412 128 487 166 moa.
501 129 708 165 rnnrnmmnns.

98 256 325 321 clamationes'ille
339 257 451 309 alieuius
463 258 608 328 prophetae
621 254 792 311 retranabirt
811 255 838 309 et
847 255 886 308 in-

97 350 138 394 ter
150 341 298 394 effeminati
308 343 444 396 histrionis
457 345 551 397 modos
561 343 700 397 Psalmiun
710 355 803 397 'seeum
817 360 887 395 oom-

96 428 271 490 minisoeturt
290 435 317 481 et
333 447 396 486 oum
414 429 531 482 athletae
550 437 639 501 agent,
652 430 697 482 ille
713 429 833 482 dieturus
849 435 888 481 est

97 511 334 584 1·epe1¹oirtiendirrn
347 533 403 568 non
418 517 491 569 esset
510 517 608 586 poterit
622 523 650 568 et
667 516 725 584 [de]
742 512 888 568 misericor-

69 604 84 655 5
98 600 144 653 dia
156 603 259 654 moveri
269 600 372 654 defixus
384 602 413 654 in
426 620 529 655 morsus
541 620 664 655 ursorum
677 609 704 655 et
714 603 837 673 spongias
850 620 889 655 re-

98 688 256 741 tiarioruml
292 688 408 741 Avertat
427 688 492 741 deus
513 706 529 740 a
550 688 603 740 suis
622 694 727 740 tantam
745 689 888 758 uoluptatis

99 775 225 827 exitiosae
244 774 427 843 cupiditatem.
467 772 554 834 Quale
573 779 613 824 est
632 774 713 824 enim¹
724 773 758 825 de
776 773 889 825 ecelesia

99 860 142 911 dei
151 860 181 909 in
191 859 291 911 diaboii
305 858 573 924 eeclesiamtendere,
580 853 615 909 de
628 857 711 925 ooelo,
721 858 794 926 quod
804 859 888 925 aiunt,

98 945 127 995 in
140 941 252 1008 coenum
263 944 280 996 t
291 944 352 995 illas
365 960 460 995 manus
473 960 538 1012 quas
551 943 586 995 ad
599 943 741 1007 dominum
750 941 888 1011 extuleris,

54 1033 88 1082 10
98 1026 271 1100 postmodum
288 1029 426 1081 laudando
444 1026 601 1081 histrionem
619 1027 752 1098 fatigaret
780 1027 814 1080 ex
835 1047 888 1097 ore,

101 1132 154 1184 quo
166 1114 260 1179 Amen
269 1115 299 1165 in
312 1113 442 1179 Sanctum
456 1114 607 1183 protuleris,
617 1114 761 1183 gladiatori
773 1116 890 1167 testimo—

99 1202 177 1252 nium
187 1201 306 1267 reddere,
315 1205 351 1262 εἰς
361 1204 456 1261 αἰῶνας
465 1201 605 1262 ἀπἀἰῶυος
616 1200 662 1251 alii
667 1200 781 1253 omnino
792 1201 889 1269 dioere,
912 1210 918 1221 “

99 1286 151 1338 nisi
164 1285 215 1338 deo
228 1293 255 1338 et
268 1285 392 1339 Christo?

136 1370 247 1425 XXVI.
261 1370 317 1424 Our
335 1389 399 1443 ergo
418 1390 472 1425 non
491 1372 623 1425 eiusmodi
642 1373 724 1425 etiam
742 1373 890 1427 daemoniis

56 1460 90 1511 15
100 1459 279 1529 penetrabiles
296 1458 380 1512 fiant?
417 1458 491 1511 Nam
510 1466 537 1511 et
555 1459 710 1529 exemplum
729 1460 834 1527 aoeidit,
845 1460 890 1511 do-

101 1545 174 1597 mino
187 1551 263 1612 teste,
273 1545 329 1597 eius
341 1544 461 1596 mulieris
475 1562 543 1614 quae
556 1544 692 1596 theatrum
706 1545 774 1597 adiit
786 1552 814 1597 et
826 1545 890 1597 inde
940 1555 942 1558 '

101 1648 163 1682 eum
174 1630 316 1683 daemonio
326 1630 413 1694 rediit.
432 1629 542 1699 ,Itaque
551 1630 581 1680 in
594 1630 741 1682 exorcismo
754 1648 816 1682 oum
829 1648 890 1683 one-

99 1716 206 1784 raretur
217 1716 373 1769 immundus
388 1716 505 1786 spiritus,
519 1716 591 1784 quod
607 1734 686 1768 ausus
701 1723 769 1768 esset
780 1715 890 1769 fidelem

100 1802 220 1872 adgredi,
231 1808 383 1854 constanter
396 1808 422 1854 et
434 1802 578 1853 iustissime
593 1802 712 1870 quidem,
722 1802 818 1871 inquit,
827 1801 890 1869 feei,
902 1865 904 1868 Ι

57 1888 91 1937 20
100 1887 130 1937 in
141 1904 202 1939 meo
215 1904 276 1939 eam
288 1887 388 1938 inueni.
426 1884 538 1938 Constat
553 1892 580 1937 et
593 1886 640 1938 alii
652 1886 767 1938 linteum
779 1887 808 1937 iu
823 1904 891 1939 som-

100 1973 142 2024 nis
155 1979 290 2024 ostensum
303 1972 359 2024 eius
369 1972 423 2024 diei
436 1977 522 2037 noete,
531 1988 584 2040 qua
593 1972 752 2041 tragoedum
762 1972 890 2040 audierat,

102 2076 165 2110 eum
174 2057 377 2127 exprobratione
386 2057 525 2109 nominato
534 2057 668 2127 tragoedo,
676 2059 727 2109 nee
736 2058 807 2110 ultra
816 2059 891 2127 quin-

101 2143 246 2195 tum‘diem
259 2142 320 2194 eam
332 2142 473 2194 mulierem
485 2143 515 2193 in
527 2142 618 2195 seeulo
627 2141 717 2195 fuisse.
757 2142 829 2205 Quor
841 2146 892 2196 uti-

101 2248 153 2299 que
165 2237 192 2282 et
205 2229 259 2282 alia
272 2229 434 2282 dooumenta
448 2234 583 2281 cesserunt
596 2228 629 2281 de
642 2228 691 2297 his,
701 2230 749 2299 qui
761 2248 824 2282 oum
836 2231 892 2284 dia-

58 2316 163 2370 a5b010
178 2316 252 2388 apud
264 2314 656 2386 spectacula*eommunieando
669 2334 686 2367 a
698 2315 892 2370 domiuoexei-

101 2403 205 2455 derunt.
243 2401 332 2454 Nemo
347 2402 421 2454 euim
435 2408 522 2472 potest
535 2401 639 2455 duobus
654 2401 770 2469 dominis
785 2403 890 2457 servire.

103 2487 177 2549 erid
188 2488 243 2540 luni
257 2489 319 2552 oum
330 2488 465 2540 tenebris?
485 2488 551 2556 quid
563 2488 635 2539 vitae
648 2494 675 2539 et
686 2488 784 2540 martit

138 2572 264 2625 XXVH.
276 2573 371 2625 Odisse
384 2572 513 2626 debemus
525 2574 588 2626 istos
602 2580 748 2625 conuentus
760 2579 789 2625 et
801 2572 892 2626 noetus

102 2658 279 2722 ethnicorum,
289 2656 333 2708 vel
348 2657 421 2725 quod
435 2657 492 2714 illie
506 2675 606 2709 nomen
621 2657 667 2708 dei
681 2656 891 2726 blasphematur,

60 2747 94 2797 30
102 2744 160 2796 illie
173 2741 366 2813 quotidiani‘in
379 2742 426 2793 n'os
435 2740 526 2793 lennes
538 2741 749 2810 expostulentur,
759 2741 823 2793 inde
835 2739 893 2812 per-

102 2830 251 2883 secutiones
266 2826 454 2893 decernuntur,
466 2825 531 2877 inde
545 2826 706 2878 tentationes
725 2826 891 2882 emittuntur.

103 2915 176 2979 Quid
189 2914 274 2968 facies
289 2913 318 2965 in
332 2912 380 2965 illo
396 2910 586 2983 suffragiorum
600 2911 751 2981 impiorum
761 2912 891 2968 aestuario
