1921 3312
84 118 117 176 98
258 131 300 172 qu.
315 129 383 165 surr.
397 130 473 165 rnen.
486 128 694 166 rnnrunumuus

83 262 189 312 iratum.
225 257 352 319 Ermdem
367 276 430 330 ergo
442 277 515 312 nunc
528 276 635 330 quoque
650 257 717 310 scire
730 255 811 309 debet
822 254 874 310 ira-

83 353 148 412 tum,
158 362 240 414 quem
252 351 279 397 01
291 350 363 397 retro
376 362 489 415 semper,
498 346 655 415 priusquam
668 342 815 396 Christiani
828 359 874 394 00-

61 465 64 466 r
83 431 257 482 minarentur.
296 429 379 483 Cuius
390 431 469 483 bonis
481 432 608 484 utebatur.
619 436 680 483 ante
696 429 781 496 editis,
792 446 874 500 quam

84 516 147 568 deos
159 516 211 569 sibi
219 514 342 588 fingeret,
353 534 400 569 cur
409 534 464 569 000
478 517 512 569 01)
522 534 554 586 00
567 516 647 568 etiam
659 516 732 568 mala
740 512 874 585 intelligat

60 602 199 670 5evenire,
213 603 288 654 cuius
302 603 374 655 bcna
393 620 519 654 essenon
537 602 635 654 0000111
672 601 749 654 111100
764 619 809 654 rea
828 607 874 668 001,
905 654 907 657 ,

85 689 161 741 cuius
178 695 205 741 et
219 689 332 759 ingrata.
368 687 405 740 Et
417 695 509 756 tamen
524 688 546 740 si
558 688 683 757 pristinas
700 688 789 740 clades
806 705 876 740 cem-

84 774 328 844 paremuS,levi01'·a
340 791 412 825 nunc
426 773 560 839 accidunt,
570 790 603 825 ex
616 790 669 842 quc
679 771 847 825 Christianos
860 791 876 824 a
922 797 924 801 ¹

84 860 135 911 dec
150 859 220 911 orbis
238 859 348 927 accepit.
386 857 429 909 Ex
443 875 474 910 00
492 858 566 910 enim
581 865 609 910 et
623 853 777 910 innocentia
794 858 877 926 seculi

83 943 239 1012 iniquitates
258 943 426 1012 temperavit,
439 949 466 994 et
482 942 667 1016 deprecatores
682 943 726 995 dei
745 960 801 994 esse
820 960 877 994 000-

44 1033 190 1099 10perunt.
226 1027 354 1097 Denique
373 1045 436 1079 cum
451 1028 485 1080 ab
500 1028 632 1081 imbribus
651 1028 751 1080 aestiva
765 1015 878 1080 hiberna

86 1114 253 1185 suspendunt
265 1120 292 1166 et
304 1131 389 1166 annus
402 1114 430 1165 in
441 1131 504 1166 cura
517 1120 564 1182 est,
574 1131 620 1167 vus
630 1114 748 1184 quidem,
758 1113 878 1183 quotidie

86 1201 156 1272 pasti
168 1201 312 1269 statimque
326 1200 457 1270 pransuri,
466 1199 570 1253 balneis
585 1207 612 1253 01
625 1201 751 1271 00000010
766 1207 793 1253 01
804 1200 879 1270 lupa·
949 1229 950 1232 ¹

86 1286 196 1339 naribus
209 1286 320 1356 operati,
330 1286 457 1356 aquilicia
469 1284 530 1338 Iovi
541 1285 696 1354 immolatis,
705 1285 879 1356 nudipedalia

86 1372 186 1443 populo
194 1372 367 1440 (1000000110,
376 1372 481 1425 coelum
492 1372 563 1442 apud
570 1371 735 1442 Capitulium
744 1372 878 1442 quaeritis,

46 1458 182 1514 15nubila
201 1459 235 1512 de
253 1459 423 1529 laquearibus
443 1458 608 1527 exspectatis,
623 1458 709 1510 aversi
728 1458 834 1528 abipso
853 1464 880 1510 01

89 1544 139 1597 deo
154 1551 182 1597 et
194 1544 275 1597 ccelc.
312 1543 369 1596 Nos
383 1561 447 1596 reru
461 1544 568 1595 ieiuniis
583 1543 653 1595 aridi
668 1550 695 1595 01
708 1544 782 1595 omni
798 1544 880 1596 conti-

87 1631 179 1683 nentia
198 1630 322 1701 expressi,
335 1630 369 1682 ab
388 1629 462 1682 cumi
477 1628 548 1681 ritae
562 1627 643 1699 iruge
659 1628 743 1696 dilati,
756 1629 785 1680 in
804 1647 880 1682 sacco

88 1723 115 1768 01
130 1716 219 1769 cinere
234 1716 393 1783 0010100100,
402 1714 506 1767 invidia
521 1714 626 1767 coelum
642 1714 789 1782 tundimus,
800 1715 881 1767 deum

88 1803 232 1873 tangimus,
242 1809 269 1855 et
279 1820 342 1854 cum
350 1801 564 1853 misericordiam
573 1800 769 1869 extorserimus,
777 1799 882 1870 Iupiter

47 1886 236 1943 20h0u0ratur
249 1906 265 1939 a
277 1887 361 1954 00100,
370 1885 446 1937 Deus
458 1885 613 1956 negligitur.

127 1972 201 2024 XLI.
213 1972 272 2025 Vos
287 1972 372 2042 igitur
383 1971 531 2040 importuni
546 1971 626 2022 rebus
641 1970 773 2039 humanis,
782 1989 829 2024 000
843 1973 883 2024 rei

91 2058 262 2129 publicorum
271 2056 514 2122 incommodorum,
522 2072 569 2107 ros
579 2055 712 2107 malcrum
721 2057 805 2109 illices
818 2075 884 2109 sem-

91 2161 148 2214 per,
167 2143 240 2213 apud
259 2159 324 2212 quos
351 2142 416 2194 deus
444 2141 585 2211 spernitur,
603 2147 706 2194 statuae
732 2143 883 2196 adurantur.

91 2228 194 2299 Utique
210 2228 284 2281 euim
298 2227 453 2281 credibilius
465 2226 560 2279 haberi
573 2225 734 2295 debetcum
746 2229 825 2282 irasci
838 2231 885 2299 qui

50 2321 83 2372 25
91 2315 252 2386 negligatur,
263 2332 345 2385 quam
359 2314 406 2383 qui
419 2313 557 2366 coluntur:
577 2320 624 2366 aut
635 2332 687 2367 nae
699 2314 745 2366 illi·
753 2315 885 2385 iniquissi-

92 2403 139 2478 mi,
148 2403 171 2454 si
180 2408 290 2472 propter
300 2400 465 2454 Christianos
476 2401 557 2454 etiam
571 2401 685 2465 cultures
695 2419 755 2454 0000
764 2402 884 2471 laedunt,

94 2505 161 2556 quos
188 2505 310 2557 separare
337 2487 466 2539 deberent
493 2505 509 2539 a
535 2488 638 2540 meritis
664 2486 885 2541 Christianorum.

94 2573 166 2640 Hoc,
175 2573 294 2641 inquitis,
304 2573 369 2624 etin
379 2573 461 2625 deum
472 2579 591 2625 restrum
601 2580 771 2643 repercutere
783 2562 830 2642 est,
840 2575 887 2643 qui

95 2666 123 2713 01
134 2660 191 2728 ipse
206 2658 324 2728 patiatur
335 2664 445 2727 prepter
456 2656 591 2726 profanos.
600 2659 688 2715 etiam,
697 2659 812 2711 cultores
827 2677 887 2713 0000

53 2745 175 2802 30100011.
212 2730 361 2796 ,admittite
373 2743 448 2812 prius
464 2741 648 2812 dispositiones
663 2740 728 2811 eius,
738 2751 766 2797 01
780 2763 834 2797 000
848 2763 887 2798 00

95 2830 262 2902 torquebitis.
300 2828 355 2891 Qui
382 2829 456 2881 euim
482 2828 565 2880 semel
592 2835 731 2880 aeternum
755 2830 886 2885 iudicium
919 2871 921 2873 -

96 2917 241 2972 destinarit
257 2922 318 2986 post
338 2914 422 2968 seculi
438 2913 529 2981 linem,
544 2931 599 2967 000
615 2916 774 2991 praecipitat
790 2918 888 2972 discre-
