1921 3312
104 115 157 164 112
279 127 322 169 on.
335 125 404 161 surr.
417 125 492 161 raon.
506 125 712 161 rnnrunnmuns.

103 254 167 320 lim;
186 270 270 322 quum
288 257 352 305 vero
371 252 445 322 quod
459 253 489 305 in
507 270 551 305 me
569 258 653 324 potes,
664 253 717 305 nisi
734 252 825 320 selim,
837 270 893 306 non

103 346 178 409 66166
186 356 193 405 ;
211 339 268 390 iam
282 355 359 391 meae
372 338 517 392 voluntatis
533 346 572 393 est
585 340 657 410 quod
668 346 751 410 66166,
760 356 816 392 non
830 344 893 392 tuae

103 425 247 496 potestatis.
285 423 405 477 Proinde
421 432 448 477 et
463 426 560 496 vulgus
575 443 644 478 rane
660 426 694 478 de
712 431 802 478 nostra
818 441 893 477 vexa-

104 510 312 582 tionegaudct3
331 511 446 581 proinde
466 512 539 563 enirn
558 517 678 564 nostrum
698 518 737 564 est
754 510 892 582 gaudium,

80 597 180 667 5qu0d
198 598 250 650 sibi
267 597 395 664 uindicat,
411 597 458 666 qui
476 597 612 650 malumus
631 598 761 665 damnari,
778 615 860 668 quam
878 617 894 650 a

106 683 157 736 deo
170 684 308 751 excidere,
328 690 419 736 contra
431 683 472 734 1111
486 684 593 752 quinos
606 684 727 751 oderunt,
737 683 828 736 dolere
840 702 894 736 non

106 770 224 841 gaudere
237 770 377 836 debebant,
388 770 533 821 consecutis
546 770 623 821 nobis
637 769 709 838 quod
722 769 858 839 elegimus.

141 853 171 906 L.
184 853 264 924 Ergo,
275 855 393 923 inquitis,
404 872 451 924 cur
465 854 616 922 querimini,
627 854 700 923 quod
712 871 759 905 ros
774 855 895 923 insequa-

106 958 175 1008 mur,
188 941 211 993 si
228 941 287 1010 pati
304 940 394 1005 uultis,
410 956 473 992 cum
492 939 604 1009 diligere
623 939 750 1006 debeatis,
762 956 811 1008 per
830 956 896 1013 qrios

64 1037 97 1086 10
106 1027 232 1096 patimini
242 1025 314 1094 quod
325 1025 420 1078 vultisl
452 1022 538 1076 Plane
548 1024 672 1077 uolumus
684 1018 748 1094 pati,
756 1042 851 1077 rerum
864 1043 895 1077 eo
940 1067 942 1069 >

108 1131 191 1180 more,
206 1115 259 1183 quo
281 1119 308 1164 et
325 1111 429 1165 bellum
452 1128 532 1163 nemo
551 1110 662 1181 quidem
679 1110 766 1164 libens
787 1111 896 1181 patitur,

109 1218 172 1252 cunr
187 1206 213 1252 61
225 1199 359 1269 trepidare
375 1205 402 1251 et
413 1197 561 1269 periclitari
576 1198 610 1250 sit
624 1215 730 1250 necesse
738 1216 745 1266 3
764 1205 855 1250 tamen
870 1206 897 1251 et

108 1284 255 1355 proeliatur
268 1286 393 1338 omnibus
403 1285 512 1352 viribus,
520 1290 548 1336 et
557 1284 666 1340 vincens
678 1284 708 1336 in
721 1285 822 1355 proelio
834 1303 897 1355 gau-

110 1372 163 1439 det,
178 1372 224 1441 qui
238 1371 272 1424 de
286 1372 388 1441 proelio
405 1372 573 1441 querebatur,
588 1371 651 1439 quia
667 1376 693 1422 et
707 1370 822 1440 gloriam
838 1388 898 1423 con-

66 1466 99 1516 15
110 1458 230 1527 sequitur
241 1464 269 1510 et
280 1458 417 1527 praedam.
453 1456 593 1510 Proelium
609 1463 648 1509 est
660 1457 744 1525 nobis,
754 1456 827 1526 quod
838 1474 897 1526 pro-

110 1561 238 1596 vocamur
250 1544 284 1596 ad
297 1542 449 1611 tribunalia,
459 1549 490 1595 ut
501 1542 559 1594 illic
571 1543 621 1595 sub
636 1542 791 1596 discrimine
804 1543 911 1613 capitis-

108 1647 157 1699 pro
169 1629 279 1682 veritate
295 1635 433 1681 certemus.
473 1627 596 1682 Victoria
612 1636 651 1682 661
668 1636 766 1697 autem,
780 1647 829 1700 pro
844 1647 897 1699 quo

109 1715 259 1782 certaveris,
276 1715 403 1768 obtinere.
440 1714 481 1768 Ea
500 1717 612 1769 victoria
630 1717 712 1769 habet
733 1722 760 1769 et
782 1716 898 1787 gloriam

109 1801 235 1871 placendi
247 1800 298 1853 deo
313 1806 340 1853 61
351 1801 481 1871 praedam
493 1802 603 1854 vivendi
614 1802 643 1854 in
659 1808 806 1856 aeternnm.
844 1801 898 1854 Sed

34 1915 36 1918 >
68 1892 102 1943 20
111 1886 286 1953 obducimur,
309 1893 380 1939 certe
402 1904 465 1939 cum
487 1887 667 1940 obtinuimus:
693 1905 757 1958 ergo
776 1887 898 1955 vicimus,

112 1990 175 2024 cum
187 1971 336 2024 occidimur
343 1990 350 2039 3
370 1972 486 2041 denique
499 1973 646 2041 evadimus,
656 1991 719 2026 cum
732 1973 898 2027 obducimur.

111 2056 188 2110 Licet
202 2075 274 2110 nunc
289 2059 474 2111 sarmenticios
484 2060 516 2111 ‘et
530 2059 660 2112 semaxios
675 2077 728 2130 app
739 2059 822 2128 116116,
836 2060 899 2130 quia

111 2144 280 2214 ad'stipitenr
296 2144 403 2197 dimidii
421 2146 478 2197 axis
496 2137 611 2198 revincti
629 2151 827 2199 sarmentorum
845 2164 899 2198 arn-

110 2231 170 2284 bitu
191 2230 336 2284 exurimur.
373 2230 429 2285 Hic
451 2238 491 2285 661
508 2232 615 2284 habitus
636 2232 764 2284 victoriae
784 2238 899 2300 nostrae,

68 2316 176 2372 25haec
194 2317 314 2389 palmata
328 2319 423 2386 uestis,
442 2318 491 2371 tali
506 2336 587 2371 curru
601 2317 805 2389 triumphamus.
842 2317 900 2371 Me-

110 2404 162 2456 rito
176 2403 268 2479 itaque
280 2405 357 2457 victis
372 2423 428 2457 non
443 2404 597 2475 placemus,
615 2411 756 2476 propterea
770 2405 844 2458 enim
857 2405 900 2458 de-

111 2490 210 2559 sperati
222 2496 249 2542 et
261 2490 360 2560 perditi
373 2491 565 2544 existimamur.
603 2489 659 2543 Sed
671 2490 738 2543 haec
751 2490 900 2561 desperatio

31 2596 35 2602 ·
112 2581 140 2627 61
161 2574 276 2643 perditio
298 2593 379 2644 penes
402 2592 448 2628 ros
470 2576 500 2627 in
522 2593 613 2628 caussa
635 2576 737 2646 gloriae
761 2582 789 2627 61
809 2573 900 2635 famae

112 2659 242 2712 vexillum
260 2659 366 2712 virtutis
385 2659 523 2712 extollunt.
560 2659 669 2712 Mucius
684 2659 806 2712 dextram
825 2677 901 2712 suam

70 2750 103 2800 311
112 2745 199 2799 libens
211 2746 241 2797 in
253 2763 299 2797 ara
311 2745 433 2814 reliquit:
453 2762 469 2796 o
481 2744 632 2797 sublimitas
644 2745 735 2796 animi.
768 2743 901 2815 Empedo-

112 2831 167 2885 cles
181 2837 270 2884 totum
288 2847 344 2883 sese
359 2829 551 2882 Catanensium
565 2830 695 2882 Aetnaeis
709 2831 841 2884 incendiis
857 2832 901 2885 do-

111 2918 201 2973 navit:
221 2936 238 2972 o
256 2917 334 2987 vigor
352 2917 465 2970 mentis!
504 2915 607 2986 Aliqua
622 2915 899 2988 Carthaginiscondi·
