1921 3312
356 150 571 188 ¹arouoenrrous.
679 154 688 164 ··
815 131 868 186 107

79 281 158 352 genia
175 277 624 351 philosophoruminterverterunt.
661 277 704 331 Ex
717 277 816 331 horum
831 293 870 329 se·

79 371 152 421 mine
165 376 192 420 ct
201 372 320 419 nostram
329 363 573 434 hancjnoritioiam
585 371 741 435 paraturam
750 364 802 439 riri
812 364 870 434 qui-

79 453 142 506 dam
152 453 205 505 suis
215 450 384 521 opinionibus
394 449 430 502 ad
436 449 632 520 philosophicas
642 451 785 502 sententias
792 449 870 502 'adui-

5 536 13 600 J
79 543 241 604 teraverunt,
251 542 279 588 et
291 536 326 587 dc
339 553 392 587 una
403 536 448 587 via
461 534 583 604 obliquos
597 535 696 587 multos
710 537 830 589 tramites
843 543 871 588 et
946 598 948 601 Α

79 620 437 692 inexplicabilessciderunt.
475 619 557 682 Quod
565 620 627 673 idco
640 622 826 692 suggesserim,
835 640 871 674 ne
895 624 910 674 5

80 707 125 760 cui
136 714 201 760 nota
212 708 327 760 varietas
340 713 428 760 sectae
438 706 518 759 huius
530 706 560 758 in
569 706 621 759 hoc
635 724 742 778 quoque
754 725 802 760 nos
812 706 871 777 'phi-

79 793 196 864 losophis
209 793 359 863 adaequare
372 792 541 861 videatu1·,et
554 811 588 845 ex
599 794 729 862 varietate
740 792 872 847 defensio-

79 898 146 932 num
157 880 262 933 iudicet
273 880 422 933 veritatem.
459 879 595 951 Expedite
610 887 701 933 autern
716 881 871 952 praescribi-

80 983 141 1019 mus
162 965 290 1019 adulteris
309 967 413 1034 nostris⁷
427 965 504 1019 iilam
526 984 582 1019 esse
603 966 726 1038 regulam
743 968 870 1033 ueritatis,

82 1069 150 1121 quae
163 1052 253 1104 veniat
266 1070 282 1104 a
296 1050 411 1120 Christo,
424 1053 578 1105 transmissa
591 1070 641 1121 per
655 1053 766 1104 comites
780 1052 913 1124 ipsiule

82 1138 179 1207 quibus
192 1138 330 1208 aliquanto
343 1138 502 1208 posteriores
513 1137 612 1190 diversi
624 1137 670 1189 isti
682 1145 873 1191 commentato-

81 1240 123 1275 res
135 1223 327 1294 probabuntur.
337 1290 339 1293 y
360 1222 466 1275 vOmnia
479 1223 605 1275 adversus
615 1223 874 1294 veritatem'de'ip'sa

81 1309 195 1362 acritate
218 1314 369 1362 constructa
388 1315 459 1377 sunt,
475 1309 646 1379 operantibus
664 1309 874 1362 aemulationem

83 1395 161 1448 istam
176 1395 312 1466 spiritibus
325 1395 428 1448 erroris.
467 1394 514 1447 Ab
524 1394 566 1447 his
579 1394 711 1448 adulteria
720 1394 874 1448 huiusmodi

83 1481 206 1534 salutaris
213 1480 371 1551 disciplinae
381 1481 539 1548 subornata3
556 1481 590 1537 ab
597 1480 639 1533 his
650 1481 783 1550 quaedam
793 1482 875 1534 etiam
882 1481 916 1533 15

83 1565 193 1620 fabulae
210 1567 354 1634 immissae,
368 1584 436 1636 quae
452 1566 486 1619 de
506 1566 685 1618 similitudine
700 1565 784 1619 fidem
802 1566 875 1619 infir-
942 1567 945 1571 ’

83 1658 189 1704 marent
198 1652 449 1720 re1·itatis,vel.eam
463 1652 514 1705 sibi
523 1652 611 1721 potius
624 1652 805 1720 evince1·et‚ut
815 1653 875 1722 quis

50 1740 53 1743 ’
83 1738 146 1791 ideo
157 1756 212 1791 non
223 1743 300 1808 putet
313 1736 470 1790 Christianis
486 1737 660 1805 credendum,
671 1737 735 1806 quia
748 1755 799 1790 nec
813 1743 875 1807 poe-

84 1824 126 1891 tis,
135 1841 186 1877 nec
200 1822 372 1894 philosophis,
381 1823 427 1876 uel
438 1824 500 1876 ideo
515 1824 603 1894 magis
618 1823 704 1893 poetis
720 1830 747 1875 et
761 1822 876 1893 philoso-

84 1908 145 1979 phis
158 1909 292 1962 existimet
302 1908 476 1975 eredendum,
487 1909 616 1978 quianon
626 1906 792 1960 Christianis.
823 1907 877 1960 Ita·
886 1912 921 1962 20

86 2012 138 2064 que
151 2000 178 2048 et-
190 1983 311 2047 ridemur
320 1994 402 2047 deum
414 1994 600 2064 praedicantes
609 1994 814 2047 iudicaturum..
832 1993 878 2047 Sic

85 2081 159 2134 enim
177 2087 205 2134 et
222 2086 316 2150 poetae
335 2087 362 2133 et
379 2080 533 2151 philosophi
551 2080 672 2133 tribunal
690 2080 763 2150 apud
776 2079 879 2134 inferos
943 2069 946 2074 ’

85 2173 196 2237 ponunt.
212 2210 214 2213 ,
236 2165 266 2219 Si
280 2165 433 2237 gehennam
452 2167 655 2234 comminemur,
670 2183 739 2235 quae
754 2173 794 2218 est
808 2167 881 2237 ignis·

87 2251 177 2303 arcani
186 2245 372 2303 subterraneus
387 2250 423 2303 ad
431 2250 697 2320 poenamthesaurus
710 2251 824 2319 proinde
834 2252 878 2303 de-

87 2333 286 2388 cachinnamur.
325 2334 370 2387 Sic
396 2335 470 2386 enim
494 2342 522 2386 et
546 2333 922 2405 Pyriphlegethonapudffi

3 2464 7 2493 ξ
86 2427 205 2474 mortuos
218 2420 304 2472 amnis
317 2426 364 2472 est.
401 2418 437 2471 Et
449 2419 472 2471 si
483 2419 639 2488 paradisum
651 2419 831 2489 nominemus,
840 2421 879 2474 io-

87 2525 150 2559 cum
159 2504 449 2574 divinae.amoenitatis
461 2505 622 2573 reeipiendis
635 2512 790 2559 sanctorum
804 2507 879 2577 spiri-

4 2581 7 2587 ’
87 2593 159 2646 tibus
175 2591 347 2658 destinatum
361 2589 479 2642 maceria
494 2589 613 2659 quadam
631 2591 729 2661 igneae
747 2592 821 2644 iilius
831 2612 880 2646 ao-

87 2697 139 2732 nae
164 2697 181 2732 a
203 2677 300 2731 notitia
325 2676 396 2729 orbis
409 2675 779 2747 communisffsegregatum,
794 2676 880 2748 Elysii

88 2764 177 2834 campi
186 2754 489 2833 fidemloccupaverunt.
520 2758 603 2813 Unde
616 2761 690 2830 haec,
701 2780 748 2817 oro
758 2781 813 2832 ros,
822 2764 880 2835 pbi-
892 2769 926 2820 30

87 2848 206 2920 Iosophis
225 2856 271 2902 aut
285 2849 371 2919 poetis
382 2854 451 2900 taur
461 2846 628 2899 consimilia?
646 2865 703 2902 non
717 2849 770 2902 nisi
785 2849 819 2903 de
834 2867 880 2903 no-

88 2936 154 2988 stris·
170 2933 359 2988 sacramentis:
381 2932 456 2986 side
477 2932 574 2986 nostris
599 2935 781 3001 sacramentis,
796 2934 880 2988 ut'de
